1783 2968
881 221 932 263 47

218 322 441 369 διαδικάζειν
472 324 516 364 δι’
548 326 645 364 ὅλου
677 331 743 364 τοῦ
774 328 945 365 ἐνιαυτοῦ
975 326 1206 376 explicasse:
1237 325 1433 362 Pollucem
1464 330 1592 363 autem

217 386 311 424 haec
323 387 361 424 in
377 388 649 426 Ononlasticon
662 389 716 426 ita
729 389 979 434 transtulisse,
988 394 1031 426 ut
1043 388 1092 427 ad
1104 401 1236 426 vocem
1245 401 1361 425 unam
1371 386 1593 433 διαδικάζειν

217 461 371 486 sensum
392 451 616 487 transferret
644 463 759 499 quem
778 452 1049 500 grammaticus
1079 451 1150 488 toti
1170 450 1332 488 dictioni
1351 450 1590 487 attribuerat.

218 511 302 556 Qua
331 513 662 561 argumentatione
691 513 806 551 nixus
835 514 1033 551 contendit
1064 513 1260 551 Pollucem
1292 526 1314 549 a
1343 513 1594 562 grammatico

218 573 391 621 pendere,
435 575 502 623 qui
547 575 705 612 Critiam
749 576 1187 626 Pseudo-Xenophontis
1231 575 1354 613 libelli
1398 579 1593 612 auctorem

217 634 399 673 laudavit.

271 708 376 753 Quae
409 709 537 745 omnia
569 712 614 745 ut
646 709 794 754 callida,
826 710 880 746 ita
912 711 1055 747 incerta
1088 716 1186 747 sunt.
1257 711 1358 747 Nam
1400 710 1593 759 imprimis

218 770 316 806 nihil
335 783 470 807 causae
490 771 675 807 habemus
691 783 758 807 cur
778 772 926 809 Polluci
942 772 1054 809 fidem
1067 773 1329 810 detrectemus.
1387 773 1476 821 Ipse
1491 772 1595 810 enim

219 832 434 869 Boeckhius
460 845 536 869 non
564 836 677 882 negat
707 831 928 877 διαδικάζειν
947 834 1160 883 significare
1186 840 1285 884 “per
1312 834 1467 884 aliquod
1499 840 1596 872 tem-

217 895 319 942 poris
347 894 516 943 spatium
545 896 726 932 continuo
750 896 952 943 judicare?
1008 897 1186 933 Ceterum
1213 897 1396 945 temporis
1424 898 1593 946 spatium

219 968 284 1004 per
313 957 414 1005 quod
444 956 604 994 Heliaea
632 957 797 994 Athenis
821 957 1028 1006 judicabat,
1054 970 1177 996 annus
1207 959 1291 995 fuit.
1348 959 1450 1004 Quid
1478 959 1597 1008 igitur

219 1019 314 1063 miri,
343 1019 387 1063 si,
421 1024 599 1057 monente
633 1023 813 1057 contextu
845 1021 1043 1068 “spatium
1075 1022 1257 1069 temporis
1269 1022 1287 1035 ‘'
1320 1035 1467 1058 annum
1501 1035 1592 1066 esse,

218 1079 441 1125 διαδικάζειν
470 1082 577 1118 illam
606 1081 773 1119 Pollucis
802 1082 1120 1131 significationem
1148 1083 1362 1132 acquisivit.
1418 1084 1493 1120 Sed
1522 1084 1592 1120 eti-

218 1144 313 1182 amsi
340 1142 537 1182 Pollucem
558 1144 674 1194 hujus
694 1144 828 1183 erroris
847 1145 1116 1183 insimulamus
1136 1158 1213 1183 non
1232 1147 1405 1195 sequitur
1425 1146 1593 1184 Pollucis

218 1205 442 1251 διαδικάζειν
463 1220 484 1244 a
504 1204 943 1256 Pseudo-Xenophontis
970 1207 1101 1244 libello
1122 1220 1313 1245 manasse:
1344 1221 1431 1245 nam
1452 1208 1590 1245 Pollux

217 1269 360 1307 ibidem
380 1273 488 1307 notat
518 1270 677 1308 Critiam
698 1268 926 1309 ἀποδικάσαι
954 1270 1138 1319 peculiari
1162 1270 1438 1319 significatione
1458 1284 1593 1319 usurp-

218 1344 310 1375 asse,
329 1331 383 1369 ita
402 1335 446 1369 ut
465 1331 671 1369 verisimile
691 1331 741 1369 sit
761 1330 986 1370 ἀποδικάσαι
1002 1338 1039 1369 et
1060 1330 1281 1375 διαδικάζειν
1301 1332 1431 1369 eodem
1453 1333 1596 1370 Critiae

218 1394 299 1431 loco
328 1398 476 1444 reperta
505 1407 594 1432 esse.
652 1395 752 1432 Casu
781 1394 908 1444 igitur,
928 1394 969 1431 ni
989 1394 1110 1439 fallor,
1131 1394 1270 1431 accidit
1300 1398 1342 1432 ut-
1370 1395 1538 1432 Pollucis
1558 1401 1598 1432 et

218 1456 658 1505 Pseudo-Xenophontis
672 1456 745 1493 loci
757 1457 857 1493 inter
869 1469 909 1493 se
922 1456 1149 1505 respondere
1163 1456 1373 1493 videantur.
1416 1457 1595 1505 Denique

219 1518 407 1568 Bergkius
419 1518 630 1556 rectissime
646 1519 797 1556 monuit
811 1518 1102 1568 grammaticum
1119 1518 1241 1562 illum,
1253 1531 1366 1567 quem
1381 1519 1596 1556 Boeckhius

218 1582 290 1618 sibi
311 1582 433 1626 finxit,
449 1585 586 1619 testem
606 1594 742 1630 parum
761 1581 992 1630 locupletem
1012 1594 1113 1618 esse:
1134 1581 1237 1618 hunc
1258 1582 1359 1618 enim
1379 1582 1418 1618 in
1439 1583 1594 1619 modum

219 1657 264 1681 ex
287 1644 471 1682 Boeckhii
489 1644 635 1681 ratione
655 1645 783 1693 potius
804 1643 1061 1693 colligendum
1082 1656 1184 1680 esse:
1213 1648 1405 1681 auctorem
1426 1644 1591 1681 Pseudo-

219 1706 486 1755 Xenophontis
524 1707 646 1743 libelli
686 1710 811 1744 aetate
839 1706 1190 1743 Alexandrinorum
1230 1719 1383 1755 prorsus
1422 1707 1594 1755 ignotum

219 1768 359 1805 fuisse:
387 1768 588 1817 plerosque
617 1768 979 1805 commentationem
1007 1767 1267 1816 Xenophonti,
1295 1780 1435 1816 paucos
1465 1773 1591 1805 tamen

220 1830 362 1868 Critiae
394 1831 654 1879 adjudicasse:
695 1843 761 1867 nos
794 1835 922 1867 autem
957 1830 1056 1867 nihil
1093 1843 1228 1868 causae
1260 1830 1408 1874 habere,
1441 1843 1508 1867 cur
1538 1831 1597 1868 his

219 1894 402 1941 majorem
429 1893 541 1929 fidem
582 1893 833 1930 adhibeamus
866 1905 981 1941 quam
1021 1892 1122 1929 illis.¹
1191 1893 1297 1937 Quae
1324 1905 1411 1929 cum
1439 1893 1492 1929 ita
1520 1893 1598 1929 sint

214 1955 442 2005 jamdudum
471 1955 572 1992 inter
592 1956 692 1993 viros
712 1955 953 1993 doctissimos
973 1958 1123 1992 constat
1153 1955 1389 1993 Boeckhium
1408 1955 1447 1992 in
1467 1955 1538 1993 hac
1557 1968 1596 1992 re

218 2030 369 2056 errasse.

272 2085 348 2137 §3
381 2085 551 2135 Helbigii
591 2085 872 2134 Schrnidtiique
905 2085 1257 2130 commentationes,
1290 2084 1380 2134 quia
1412 2084 1510 2122 nihil
1547 2086 1593 2123 de

220 2148 340 2186 Critia
373 2148 584 2192 continent,
619 2148 825 2196 praeterire
858 2147 949 2184 licet
980 2153 1019 2185 et
1055 2148 1238 2185 continuo
1270 2147 1318 2184 ad
1350 2160 1393 2184 ea
1425 2149 1595 2193 transire,

219 2224 315 2261 quae
357 2210 701 2260 Miiller-Striibing
729 2211 775 2249 de
814 2210 1239 2260 Pseudo-Xenophonte
1267 2210 1452 2248 disseruit.
1520 2211 1597 2257 Qui

219 2286 452 2322 quamquam
498 2273 788 2321 Rempublicam
833 2273 1142 2316 Atheniensium,
1186 2285 1282 2320 quae
1326 2272 1593 2320 Xenophontis

220 2339 347 2380 fertur,
369 2335 510 2372 Critiae
531 2348 681 2383 prorsus
710 2335 914 2383 abjudicat,
936 2335 1096 2372 Critiam
1124 2339 1162 2372 et
1191 2334 1592 2383 Pseudo-Xenophon-

219 2403 296 2435 tem
327 2398 401 2434 alia
431 2398 577 2434 ratione
607 2406 802 2435 conectere
836 2397 986 2442 studet3
1026 2410 1115 2434 nam
1147 2397 1219 2433 sibi
1252 2397 1441 2445 persuasit
1474 2397 1590 2436 duces

220 2461 474 2497 hetaeriarum
516 2472 615 2496 anno
653 2460 729 2496 415
768 2473 797 2497 a.
838 2460 922 2497 Chr.
961 2460 1060 2496 circa
1098 2459 1240 2507 Magna
1278 2458 1467 2507 Dionysia
1506 2472 1594 2498 con-

221 2523 378 2566 venisse,
395 2527 439 2559 ut
458 2522 504 2559 de
523 2521 733 2558 Alcibiadis
749 2522 918 2559 consiliis
934 2527 971 2558 et
992 2521 1089 2558 bello
1111 2520 1299 2558 Siciliensi
1319 2520 1595 2570 deliberarent3

220 2585 733 2634 Pseudo-Xenophontisque
775 2584 949 2622 libellum
992 2597 1181 2621 summam
1218 2596 1298 2620 esse
1336 2584 1517 2623 orationis
1555 2586 1594 2624 id

776 2731 782 2747 ¹
800 2729 910 2770 Bergk.
927 2728 983 2761 loc.
1000 2728 1051 2762 cit.
