1783 2968
873 253 922 289 39

211 358 434 397 inimicitias
459 357 561 395 inter
579 357 836 395 Athenienses
862 360 901 394 et
919 356 1240 394 Lacedaemonios
1267 357 1400 394 sedulo
1428 357 1591 394 fovebat.

213 423 351 470 Itaque
379 419 628 457 manifestum
657 422 714 457 est
737 419 951 469 fragmenta
979 419 1033 456 ita
1061 419 1211 456 diversa
1238 432 1314 456 non
1342 432 1362 457 e
1391 419 1594 470 Republica

212 482 494 522 Atheniensium
518 482 744 532 deprompta
773 494 875 520 esse:
903 482 971 531 qui
998 481 1152 519 libellus
1172 481 1246 520 sibi
1264 482 1402 520 melius
1422 486 1594 520 constare

209 545 350 585 debuit.

262 609 348 654 Qua
363 608 409 645 de
428 620 478 652 re,
491 620 575 645 mea
591 607 745 656 quidem
763 607 964 652 sententia,
976 607 1298 644 Wilamowitzius
1315 607 1436 645 multo
1451 607 1595 645 rectius

210 671 296 720 egit,
316 682 431 719 quem
461 682 537 707 non
567 670 668 719 fugit
686 669 895 707 Aelianum
916 669 1057 707 Critiae
1078 669 1124 706 de
1156 669 1387 707 Archilocho
1403 669 1594 719 judicium

209 732 353 770 ibidem
374 731 546 769 adferre.1
601 732 715 770 Unde
736 733 829 770 satis
849 732 986 770 callide
1006 732 1204 777 conclusit,
1225 745 1311 770 eum
1334 732 1593 782 fragmentum

209 799 417 842 utrumque
436 793 538 842 apud
559 793 720 831 Critiam
738 794 779 831 in
795 794 925 831 eodem
947 793 1044 831 libro
1060 795 1251 844 reperisse.
1296 795 1474 833 Ceterum
1489 807 1596 844 opus,

211 856 313 907 quod
333 856 379 894 de
401 855 521 894 Critia
537 861 575 894 et
595 856 736 895 Cleone
756 856 846 894 viris
865 860 946 895 tam
965 857 1109 895 diversi
1127 858 1271 908 ingenii
1288 858 1374 908 egit,
1388 859 1594 908 promiscui

209 919 426 969 argumenti
454 931 535 956 esse
568 919 710 963 debuit,
730 920 832 969 quod
865 920 980 957 titulo
1009 920 1197 958 Homz'liae
1225 921 1369 970 optime
1402 921 1592 959 convenit.

210 983 349 1031 Itaque
369 981 466 1019 mihi
493 994 717 1031 persuasum
738 986 796 1020 est
814 982 1004 1021 Homilz'as
1024 996 1120 1032 opus
1149 983 1277 1028 fuisse,
1297 996 1372 1033 quo
1393 984 1532 1021 Critias
1552 985 1591 1021 in

210 1044 415 1094 populares
443 1044 620 1081 invectus
641 1045 932 1082 Themistoclem
954 1049 992 1082 et
1012 1045 1192 1082 Cleonem
1214 1046 1307 1082 furti
1327 1046 1593 1092 insimulavit:

209 1118 358 1143 necnon
388 1106 473 1143 fieri
505 1109 631 1155 potest
658 1110 703 1143 ut
730 1119 774 1144 ea
805 1119 956 1156 quoque
989 1120 1085 1156 quae
1118 1107 1164 1145 de
1198 1107 1357 1145 Cimone
1390 1108 1595 1145 traduntur

210 1168 342 1206 eodem
373 1168 453 1205 sint
481 1168 699 1206 referenda:
741 1168 997 1218 discrepantia
1030 1170 1132 1207 enim
1161 1182 1276 1219 quam
1310 1170 1421 1207 modo
1451 1170 1593 1224 notavi,

211 1231 388 1279 quamvis
416 1230 457 1267 in
486 1231 807 1268 commentatione
833 1231 879 1268 de
907 1231 1110 1281 Republica
1131 1231 1407 1270 Atheniensium
1437 1245 1513 1268 non
1543 1232 1593 1269 sit

209 1292 420 1338 toleranda,
440 1292 539 1331 nihil
560 1293 710 1331 molesti
730 1293 769 1330 in
790 1293 970 1332 Homiliis
989 1295 1113 1333 habet.
1170 1295 1321 1332 Etenim
1345 1308 1483 1344 ponere
1502 1295 1594 1332 licet

209 1356 272 1394 vel
306 1359 498 1394 auctorem
531 1356 648 1406 hujus
680 1356 820 1406 judicii
850 1370 927 1395 non
963 1357 1091 1407 ipsum
1131 1358 1291 1396 Critiam
1329 1358 1394 1396 sed
1432 1358 1589 1396 alteram

210 1419 351 1469 dialogi
393 1432 594 1469 personam
637 1420 919 1470 fuisse—cujus
960 1420 1193 1458 sententiam
1235 1420 1420 1458 Aelianus
1462 1420 1593 1458 eodem

205 1483 292 1531 jure
336 1482 478 1520 Critiae
516 1482 724 1520 attribuere
765 1483 902 1532 potuit,
940 1495 1016 1532 quo
1052 1483 1167 1521 hodie
1209 1483 1400 1532 permulta
1441 1483 1594 1521 Platoni

210 1544 594 1593 adjudicamus—vel
615 1545 775 1582 Critiam
796 1557 882 1582 cum
903 1545 988 1582 aliis
1008 1544 1119 1582 aliter
1134 1545 1180 1582 de
1201 1545 1364 1582 ducibus
1378 1545 1592 1582 Athenien-

211 1607 312 1645 sium
332 1620 413 1645 esse
431 1606 614 1645 locutum.
669 1608 748 1644 Diu
769 1610 871 1645 certe
891 1608 931 1644 in
952 1621 996 1645 eo
1015 1620 1129 1653 eram,
1142 1612 1186 1645 ut
1206 1613 1380 1657 putarem
1397 1608 1586 1657 judicium

210 1670 307 1707 illud
328 1670 375 1708 de
391 1670 550 1708 Cimone
565 1670 606 1707 in
621 1670 791 1708 oratione
806 1670 973 1719 quadam
988 1670 1193 1715 exstitisse,
1208 1683 1252 1708 eo
1267 1675 1436 1719 tempore
1451 1670 1592 1713 habita,

211 1745 286 1782 quo
316 1733 456 1770 Critias
484 1733 526 1770 in
553 1733 819 1782 Phrynichum
848 1733 1035 1778 invectus,
1055 1746 1186 1770 omnes
1215 1733 1473 1782 increpiturus
1502 1738 1593 1777 erat,

211 1796 277 1844 qui
309 1795 619 1833 Lacedaemoniis
647 1808 817 1844 unquam
839 1796 1044 1833 favissent:
1072 1795 1134 1833 cui
1162 1795 1300 1832 rationi
1329 1795 1428 1832 illud
1456 1795 1593 1839 obstat,

211 1858 314 1907 quod
334 1858 494 1896 dubium
516 1858 567 1896 sit
585 1871 635 1896 an
656 1858 796 1896 Critias
811 1858 938 1907 justas
957 1859 1147 1897 orationes
1167 1858 1373 1908 reliquerit.

264 1922 402 1971 Itaque
422 1922 462 1958 ni
482 1921 604 1966 fallor,
625 1921 765 1959 Critias
782 1921 982 1971 Colloquia
997 1934 1094 1971 quae
1115 1921 1204 1959 exul
1223 1933 1309 1958 cum
1326 1921 1592 1958 Thessalorum

210 1985 461 2034 optimatibus
474 1985 519 2023 de
531 1984 835 2023 Atheniensibus
847 1985 994 2031 habuit,
1005 1985 1143 2022 litteris
1157 1984 1364 2022 mandavit:
1381 1984 1594 2034 fragmenta

211 2052 351 2093 autem,
371 2060 393 2085 a
420 2048 567 2085 Galeno
595 2051 756 2093 servata,
775 2053 904 2097 aperte
933 2048 1149 2092 ostendunt,
1171 2050 1438 2097 argumentum
1468 2048 1592 2096 operis

212 2123 289 2147 non
308 2110 483 2160 politicas
502 2114 654 2147 tantum
675 2111 917 2160 quaestiones
942 2110 1185 2160 complexum
1205 2122 1294 2147 esse.
1351 2110 1593 2159 Quapropter

211 2185 299 2210 cum
315 2173 572 2210 Philostratus
598 2173 787 2222 expressis
803 2173 928 2211 verbis
944 2176 1056 2222 neget
1069 2172 1227 2210 Critiam
1241 2172 1364 2209 ullum
1380 2172 1591 2221 sapientiae

212 2236 405 2286 specimen
430 2236 470 2273 in
493 2234 686 2273 Thessalia
710 2235 884 2281 edidisse,
899 2248 943 2273 eo
962 2235 1148 2279 ducimur,
1168 2239 1212 2271 ut
1231 2238 1445 2272 statuamus
1476 2235 1592 2273 Thes-

212 2300 311 2337 salos
331 2310 524 2337 sermones
544 2302 693 2348 partem
711 2301 866 2336 tautum
886 2297 1139 2336 Homiliarum
1159 2297 1285 2335 fuisse.

266 2362 374 2399 Idem
403 2361 661 2399 Philostratus
689 2361 798 2398 testis
827 2365 885 2398 est
905 2361 1063 2398 Critiam
1092 2372 1376 2409 saepenumero⁴
1393 2365 1592 2409 poetarum

212 2425 448 2461 mentionem
494 2423 628 2461 fecisse
642 2438 648 2461 :
662 2426 674 2444 ²
720 2436 887 2473 quonam
943 2428 1070 2460 tamen
1123 2435 1235 2472 opere
1289 2423 1478 2460 incertum
1525 2429 1591 2461 est.

210 2487 244 2524 E
274 2488 430 2537 Bergkii
458 2487 649 2525 sententia
677 2486 931 2524 Philostratus
958 2486 1099 2524 librum
1128 2486 1168 2523 in
1196 2486 1325 2524 animo
1353 2486 1499 2532 habuit,
1525 2488 1593 2537 qui

211 2549 344 2587 laudes
369 2549 625 2586 Anacreontis
652 2549 885 2586 hexametris
914 2548 1123 2586 celebratas
1143 2548 1382 2585 continuit:³
1413 2549 1474 2586 cui
1505 2549 1592 2586 Lal-

210 2612 328 2650 lierus
347 2625 499 2662 quoque
527 2611 736 2650 assentitur
763 2616 869 2650 ratus
899 2611 1057 2650 Critiam
1088 2611 1134 2649 de
1162 2611 1284 2661 poetis
1313 2612 1460 2661 poetice
1488 2612 1591 2651 locu-

297 2751 305 2768 ¹
323 2749 368 2782 Of.
387 2749 599 2789 Wilamowitz,
617 2748 672 2782 loc.
689 2748 740 2780 cit.
891 2748 903 2765 ²
917 2748 968 2782 Fr.
987 2750 1036 2781 12.
1186 2750 1198 2768 ³
1213 2748 1259 2782 Of.
1277 2748 1389 2789 Bergk.
1408 2748 1459 2782 Fr.
1478 2750 1506 2782 7.
