1783 2968
909 273 956 310 15

289 376 349 412 Ex
385 376 621 424 glossemate,
658 377 760 425 quod
805 377 907 425 apud
953 378 1297 426 Harpocrationem
1335 380 1474 421 exstat,
1511 376 1611 414 Wil-

237 437 497 474 amowitzius1
516 436 662 487 colligit
680 437 895 487 Didymum
915 439 1056 477 Critiae
1070 439 1212 489 scripta
1231 439 1455 489 inspexisse.
1498 439 1611 476 Lexi-

236 498 448 548 cographus
480 504 610 537 autern
641 501 713 537 sub
746 512 838 538 voce
870 501 1117 553 Λυκιουργεῖς
1149 501 1243 539 haec
1275 505 1429 538 tantum
1464 500 1612 550 profert

236 562 494 613 Λυκιουργεῖς.
536 560 703 611 Δίδυμός
735 570 834 615 φησι
865 561 933 604 τὰς
966 562 1042 602 ὑπὸ
1073 563 1221 602 Λυκίου
1252 562 1613 611 κατεσκευασμένας

239 622 375 672 φιάλας
403 626 472 662 τοῦ
501 622 691 677 Μύρωνος
720 624 802 664 υἱοῦ
830 625 950 667 οὕτως
980 625 1166 678 εἰρῆσθαι·
1194 628 1344 676 ἀνγνοεῖν
1374 626 1414 664 δὲ
1442 625 1563 664 ἔοικεν
1591 625 1610 664 ό

234 685 499 737 ’γραμματικὸς
518 685 581 725 ὅτι
596 686 663 726 τὸν
680 689 852 726 τοιοῦτον
870 687 1147 740 σχηματισμὸν
1160 688 1239 728 ἀπὸ
1258 688 1401 742 κυρίων
1414 688 1614 738 ὀνομάτων

235 748 303 787 οὐκ
330 748 377 788 ἄν
401 766 458 791 τις
485 750 587 802 εὕροι
613 750 844 800 ἓγνγνόμενον,
863 753 1016 799 μᾶλλον
1043 751 1083 790 δὲ
1109 751 1188 791 ἀπὸ
1214 752 1370 791 ’πόλεων
1389 751 1454 790 καὶ
1481 751 1610 790 ἐθνῶν·

236 818 258 832 “
269 812 381 859 κλίνη
419 812 748 865 Μιλησιουργής”
786 812 950 863 Κριτίας
986 816 1106 864 φησιν
1141 815 1181 852 ὲν
1212 816 1258 864 τῇ
1296 813 1612 863 Λακεδαιμονίων

235 873 438 926 Πολιτείᾳ.
468 875 574 920 Quae
589 875 718 912 omnia
736 875 999 925 Harpocratio,
1016 881 1059 913 ut
1074 877 1154 926 jam
1174 876 1398 915 Dindorfius
1415 877 1611 926 perspexit

235 936 283 973 ad
313 937 473 974 verbum
504 938 582 975 fere
614 951 662 975 ex
690 938 917 975 Athenaeo²
947 938 1191 987 deprompsit,
1210 939 1278 988 qui
1308 939 1416 976 addit
1448 939 1608 976 Critian]

234 998 352 1035 simili
382 999 493 1036 modo
526 999 637 1047 κλίνη
669 999 862 1051 Χιουργὴς
892 998 956 1038 καὶ
987 1002 1156 1052 τράπεζα
1182 999 1429 1053 Ῥηνιουρνγής
1455 1001 1608 1038 dixisse.

236 1061 375 1111 Itaque
395 1062 656 1111 quaerendum
676 1067 743 1108 est,
763 1063 850 1112 quis
869 1063 1016 1112 primus
1035 1064 1128 1101 haec
1147 1076 1193 1101 ex
1214 1064 1334 1101 Critia
1353 1064 1607 1101 transtulerit.

235 1124 326 1161 Mea
357 1136 446 1162 vero
478 1124 670 1162 sententia
702 1124 909 1162 falsissima
940 1125 1101 1175 Didymi
1129 1125 1396 1175 interpretatio
1428 1125 1609 1170 ostendit,

234 1186 376 1224 Critiae
395 1200 509 1236 opera
536 1187 572 1224 ei
598 1200 735 1236 parum
764 1192 855 1224 nota
875 1188 1014 1225 fuisse:
1041 1201 1130 1225 nam
1158 1189 1190 1226 si
1217 1189 1335 1225 libros
1362 1188 1605 1237 inspexisset,

234 1249 300 1284 ubi
329 1261 405 1285 non
435 1248 735 1300 ΜιλησιουρὙής
762 1253 914 1286 tantum
943 1250 1008 1286 sed
1036 1250 1148 1287 etiam
1183 1249 1377 1302 Χιουρνγής
1409 1253 1448 1288 et
1480 1254 1606 1288 cetera

231 1311 373 1348 similia
391 1312 581 1356 exstitere,
600 1312 682 1350 fieri
710 1325 787 1349 non
815 1312 1002 1362 potuisset
1029 1313 1124 1362 quin
1143 1317 1386 1363 cognosceret
1414 1313 1606 1361 ejusmodi

233 1374 404 1422 epitheta
424 1387 573 1424 semper
592 1387 681 1412 cum
700 1375 854 1412 urbium
882 1380 920 1412 et
947 1375 1119 1424 gentium
1148 1375 1370 1412 nominibus
1399 1375 1609 1412 cohaerere.

234 1437 340 1482 Quae
379 1450 465 1475 cum
504 1438 559 1475 ita
595 1437 674 1475 sint
711 1437 958 1475 manifestum
997 1441 1053 1475 est
1088 1438 1381 1487 grammaticum
1415 1438 1610 1487 quendam

233 1499 375 1536 Critiae
394 1500 550 1548 scriptis
569 1500 618 1537 ad
638 1500 798 1548 Didymi
820 1499 1006 1536 rationem
1027 1499 1300 1536 confutandam
1320 1511 1433 1536 usum
1454 1512 1545 1537 esse.

284 1561 469 1600 Attamen
491 1562 632 1600 Critiae
654 1575 777 1611 opera,
790 1562 967 1611 quamvis
987 1562 1156 1610 Didymo
1175 1562 1315 1611 ignota,
1332 1562 1609 1600 Alexandrinis

232 1625 271 1660 in
302 1625 479 1661 manibus
505 1625 623 1662 fuisse
643 1625 843 1662 videntur:
871 1625 1099 1673 glossemata
1127 1625 1229 1661 enim
1258 1625 1446 1661 nonnulla
1471 1637 1560 1662 cum
1588 1638 1611 1662 a

233 1686 391 1726 Polluce
410 1691 491 1725 tum
513 1688 560 1725 ab
581 1687 777 1737 Hesychio
805 1691 1008 1734 notantur;
1036 1692 1184 1725 constat
1211 1692 1340 1725 autem
1367 1688 1608 1737 Hesychium

231 1751 272 1787 in
292 1750 515 1788 universum
533 1751 764 1788 Onomastico
780 1763 855 1787 non
876 1763 987 1787 usum
1008 1762 1098 1794 esse,
1111 1754 1149 1787 et
1168 1762 1210 1787 ea
1225 1762 1322 1798 quae
1342 1762 1429 1787 cum
1453 1750 1609 1788 Polluce

231 1812 448 1850 communia
481 1812 596 1850 habet
625 1812 828 1850 vetustiori
858 1812 1009 1849 cuidam
1041 1812 1148 1856 fonti,
1172 1811 1432 1861 grammaticis
1462 1811 1610 1850 scilicet

230 1875 515 1917 Alexandrinis,
555 1876 718 1912 debere.3
772 1875 1048 1923 Lexicographi
1091 1879 1219 1911 tamen
1258 1874 1401 1910 Critiae
1439 1874 1609 1911 carmina

231 1950 430 1988 nunquam
457 1937 587 1976 dedita
615 1950 730 1988 opera
750 1930 978 1988 perscrutati
1002 1941 1104 1982 sunt,
1124 1949 1233 1975 voces
1261 1937 1366 1975 enim
1393 1937 1611 1975 rarissimae

230 2014 328 2050 quae
348 2002 457 2039 nobis
476 2002 531 2038 ibi
550 2006 755 2039 occurrunt
772 2001 1040 2051 grammaticos
1059 2013 1189 2038 omnes
1209 2001 1363 2049 fugere.⁴

285 2065 333 2101 In
351 2064 530 2102 laudibus
550 2064 691 2114 quibus
713 2064 858 2102 Cicero⁵
874 2063 1016 2103 Critiae
1036 2063 1294 2113 eloquentiam
1310 2062 1421 2101 effert
1440 2063 1607 2101 Rhodio-

231 2130 332 2166 rum⁸
347 2128 494 2177 judicia
528 2141 730 2177 agnoscere
763 2128 864 2172 licet,
895 2128 973 2177 qui,
1003 2132 1047 2164 ut
1079 2126 1333 2164 Demostheni
1367 2127 1609 2176 Hyperidem

230 2191 506 2240 praeferebant,
535 2190 590 2227 ita
628 2189 844 2239 simplicem
883 2190 1023 2227 Critiae
1061 2189 1192 2227 stilum
1225 2189 1452 2225 admiraturi
1489 2193 1608 2227 erant.

231 2253 355 2292 Testis
389 2257 446 2292 est
480 2253 611 2291 Cicero
641 2254 813 2302 “scripta
845 2253 1062 2290 ‘nonnulla''
1090 2252 1231 2290 Critiae
1263 2255 1430 2289 aetatem
1462 2252 1609 2298 tulisse,

230 2316 306 2361 sed,
325 2320 369 2353 ut
399 2316 498 2353 infra
527 2316 755 2360 videbimus,
774 2316 965 2353 incertum
994 2319 1053 2353 est
1078 2328 1127 2352 an
1158 2315 1251 2352 haec
1280 2314 1363 2363 ipse
1394 2315 1608 2364 perlegerit.

274 2455 281 2471 ¹
299 2454 509 2495 Wilamowitz,
526 2452 710 2485 Aristoteles
726 2453 795 2485 und
810 2452 926 2495 Athen,
945 2453 970 2484 Ι.
991 2453 1060 2485 175.

271 2507 282 2523 ²
297 2506 424 2548 Athen,
441 2507 499 2538 XI.
517 2509 580 2540 486
596 2507 632 2540 Ε.

271 2562 283 2580 ³
295 2560 340 2592 Cf.
358 2560 570 2601 Wilamowstz,
587 2559 644 2591 loc.
661 2559 713 2591 cit.

271 2613 361 2647 ⁴Vid.
381 2612 552 2658 γράμματ’
572 2613 751 2652 ἀλεξίλογα
766 2618 794 2645 et
808 2618 861 2646 cet.
879 2623 908 2654 p.
925 2615 975 2645 30.

271 2667 283 2685 ⁵
302 2665 381 2698 Teet.
400 2667 476 2700 Am.
494 2667 531 2699 V.
551 2671 578 2706 1,
596 2670 623 2699 2.

271 2717 283 2735 ⁸
299 2719 345 2751 cf.
363 2720 461 2761 Blass,
482 2718 680 2752 Grieclzische
701 2717 937 2750 Beredsamlceit
952 2728 1012 2750 von
1028 2716 1210 2750 Alexander
1226 2716 1271 2749 bis
1288 2719 1352 2757 auf
1362 2718 1536 2760 Anyustm,
1553 2728 1607 2759 pp.

229 2775 343 2806 89-93.
