1783 2968
868 254 915 291 17

261 356 452 394 Clementi
498 356 761 394 Alexandrino
802 357 1059 408 fragmentum
1097 358 1258 395 fortasse
1295 356 1342 394 de
1380 354 1586 404 Republica

207 420 584 457 Lacedaemoniorum
597 419 865 469 depromptum
880 420 1099 458 debemus:1
1124 420 1226 457 idem
1242 432 1320 456 una
1334 431 1421 456 cum
1437 417 1586 455 Galeno

208 486 247 520 et
275 481 510 520 Tertulliano
530 486 659 519 notam
688 482 796 520 illam
815 483 1046 521 sententiam
1065 483 1112 521 de
1132 483 1282 520 animae
1301 481 1390 520 sede
1411 480 1588 530 adlegat.2

209 544 408 591 Quomodo
427 544 652 582 Athenaeus
671 544 713 581 in
733 545 893 582 Critiam
912 546 1104 583 animatus
1124 546 1175 583 sit
1193 558 1239 583 ex
1260 558 1304 583 eo
1324 545 1407 582 loco
1426 547 1588 593 apparet

208 607 274 644 ubi
310 608 330 644 ὁ
366 606 573 658 κράτιστος
611 606 773 658 Κριτίας
809 607 1028 644 laudatur:³
1068 620 1192 657 neque
1229 619 1296 657 per
1332 606 1495 643 ironiam
1533 604 1588 641 ita

209 669 351 706 dicitur
369 672 414 706 ut
441 669 482 706 in
511 668 671 719 dialogis
699 681 970 719 saepenumero
995 670 1060 716 fit;
1088 683 1175 706 nam
1201 670 1243 707 in
1270 667 1587 707 antecedentibus

211 731 381 780 epitheta
400 731 562 768 aliorum
591 734 790 780 poetarum
817 731 1036 769 nominibus
1056 732 1208 781 saepius
1232 732 1508 780 adjunguntur,
1527 729 1587 766 uti

209 792 228 831 ὁ
258 792 629 844 μεγαλοφωνότατος
656 792 858 845 Πίνδαρος,
878 792 898 831 ὁ
927 793 1073 846 χαρίεις
1098 793 1394 846 Ἀριστοφάνης,
1415 792 1435 831 ὁ
1466 790 1588 843 σοφὸς

210 855 454 907 Ἀνακρέων,4
515 857 620 893 Huic
639 857 707 894 uni
726 862 811 894 octo
837 857 1049 906 fragmenta
1069 857 1259 902 debemus,
1280 869 1326 894 ex
1351 856 1587 894 carminibus

208 918 437 968 scriptisque
467 918 634 968 politicis
666 919 805 969 petita:
836 919 997 957 Aeliano
1028 923 1156 957 autem
1189 920 1382 956 Homilz'aa
1414 918 1585 955 notiorae

211 981 329 1018 fuisse
345 981 544 1018 videntur:
565 981 641 1018 huc
656 982 759 1018 enim
779 982 993 1031 fragmenta
1005 982 1045 1018 in
1070 982 1199 1018 Variis
1213 982 1420 1018 Historiis-⁵
1436 985 1586 1017 servata

211 1043 412 1091 pertinent.
485 1043 663 1093 Denique
701 1043 957 1081 Philostratus
991 1043 1132 1082 Critiae
1163 1043 1361 1093 ingenium
1394 1046 1433 1080 et
1464 1054 1586 1092 genus

211 1104 403 1142 scribendi
430 1105 470 1141 in
501 1105 600 1142 Vitis
622 1106 908 1156 Sophistaruw
927 1106 1116 1144 describit.
1171 1107 1259 1143 Non
1287 1105 1380 1143 adeo
1408 1104 1587 1142 credulus

209 1180 305 1212 sum,
318 1171 362 1205 ut
373 1168 772 1213 somniem‚auctorem
786 1182 1098 1219 unumquemque
1111 1169 1175 1219 qui
1192 1169 1333 1207 Critiae
1347 1167 1584 1206 mentionem

213 1231 346 1268 fecerit
361 1230 501 1269 idcirco
517 1232 599 1280 ejus
619 1245 732 1281 opera
753 1232 974 1281 inspexisse.
1031 1234 1208 1270 Ceterum
1223 1245 1270 1269 ex
1284 1235 1343 1268 tot
1356 1230 1588 1269 testimoniis

212 1293 339 1331 elucet
358 1293 460 1331 viros
480 1294 691 1343 permultos
710 1294 758 1331 ab
780 1294 944 1332 Herodis
964 1307 1085 1343 usque
1104 1294 1152 1331 ad
1180 1293 1403 1331 Philostrati
1423 1298 1587 1331 aetatem

211 1361 302 1394 —et
323 1357 488 1394 maxime
507 1357 698 1406 sophistas
725 1357 812 1395 illos
831 1369 926 1406 quos
946 1358 1148 1394 Atticistas
1175 1369 1396 1405 nuncupare
1421 1355 1589 1393 solemus

215 1419 410 1456 ——Critiae
429 1432 544 1468 opera
562 1417 714 1457 assidue
733 1419 947 1469 perlegisse.

269 1482 382 1519 Unus
404 1482 623 1520 Alexander
648 1482 715 1520 ille
734 1482 1048 1532 Aphrodisiensis
1076 1483 1115 1519 in
1136 1483 1206 1520 hac
1231 1496 1270 1520 re
1295 1482 1343 1519 ab
1362 1481 1589 1531 aequalibus

215 1544 404 1582 dissensit.
474 1545 629 1582 Etenim
672 1545 714 1581 in
763 1545 1046 1582 Commentario
1083 1545 1131 1582 ad
1177 1544 1423 1582 Aristotelem
1462 1544 1594 1584 docuit

214 1606 373 1644 Critiam
403 1610 612 1655 tyrannum
641 1607 739 1644 nihil
767 1607 843 1645 nisi
862 1610 1063 1648 πολιτείας
1088 1605 1293 1658 ἐμμέτρους
1312 1606 1591 1655 conscripsisse,

215 1673 415 1718 ceteraque
444 1682 542 1719 quae
581 1670 723 1708 Critiae
760 1671 937 1708 feruntur
969 1683 1083 1720 opera
1110 1670 1219 1708 alteri
1257 1670 1406 1708 cuidam
1448 1669 1591 1707 Critiae

216 1731 470 1780 adjudicavit:
499 1745 615 1781 quam
644 1733 864 1782 opinionem
895 1733 1131 1782 Philoponus
1162 1738 1199 1770 et
1230 1733 1452 1782 Simplicius
1481 1732 1592 1769 nobis

216 1794 481 1832 tradiderunt.⁷
537 1795 612 1833 Sed
644 1808 732 1833 cum
764 1795 864 1833 hanc
897 1795 1182 1834 distinctionem
1216 1800 1347 1833 contra
1379 1800 1590 1833 ceterorum

217 1857 374 1894 testium
404 1870 633 1895 consensum
663 1859 908 1908 comprobare
934 1872 1010 1896 non
1041 1859 1164 1904 liceat,
1184 1859 1306 1896 facere
1330 1871 1406 1895 non
1438 1871 1593 1907 possum

217 1920 311 1969 quin
328 1920 498 1969 suspicer
513 1921 780 1958 Alexandrum
795 1927 923 1959 ratum
938 1921 1202 1971 philosophiae
1215 1921 1385 1959 studium
1401 1934 1422 1958 a
1438 1920 1596 1970 tyranni

217 1983 370 2033 ingenio
390 1995 543 2033 prorsus
563 1984 732 2022 alienum
761 1996 843 2023 esse
870 1984 1031 2035 ideoque
1060 1984 1201 2023 Critiae
1231 1984 1373 2034 scripta
1402 1984 1596 2034 sophistae

217 2047 346 2095 ignoto
367 2059 470 2084 mera
488 2061 535 2085 ex
555 2049 775 2097 conjectura
794 2048 1047 2097 adscripsisse.

272 2109 352 2146 Diu
382 2112 469 2158 post
497 2109 723 2148 Philostrati
751 2114 916 2148 aetatem
946 2111 1088 2149 Critiae
1114 2123 1226 2160 opera
1254 2111 1293 2147 in
1321 2110 1463 2147 honore
1489 2122 1596 2147 man-

220 2176 363 2217 serunt,
384 2185 508 2222 neque
536 2176 624 2211 ante
652 2173 809 2211 initium
838 2173 955 2212 medii
983 2175 1083 2212 aevii
1111 2187 1158 2213 ex
1186 2174 1386 2212 hominum
1415 2173 1600 2211 memoria

220 2235 402 2274 excidere.
473 2237 613 2275 Sextus
656 2237 874 2286 Empiricus
916 2250 1048 2276 versus
1085 2238 1337 2288 quadraginta
1379 2250 1399 2275 e
1441 2237 1600 2286 Sisypho

220 2303 356 2343 servat,
385 2299 554 2337 fabulam
601 2304 731 2338 tamen
779 2300 957 2350 Euripidi
1004 2301 1100 2339 falso
1148 2300 1369 2339 attribuit:8
1414 2300 1599 2338 Libanius

221 2362 478 2411 fragmentum
491 2375 511 2399 e
524 2363 728 2414 Republica
740 2363 1113 2401 Lacedaemoniorum
1124 2364 1266 2401 affertz⁹
1280 2363 1440 2401 Mallius
1453 2362 1599 2401 Theod-

221 2436 309 2461 orus
321 2424 462 2462 Critiae
475 2425 706 2462 sententiam
719 2424 766 2462 de
778 2425 923 2475 origine
935 2425 1148 2463 hexametri
1161 2426 1358 2475 adlegat:¹⁰
1377 2425 1599 2462 Macrobius

222 2486 454 2524 sententiam
486 2487 593 2524 illam
622 2487 669 2525 de
703 2487 853 2524 animae
881 2487 970 2525 sede
996 2488 1200 2537 respicit:¹¹
1234 2488 1419 2525 Stobaeus
1452 2491 1602 2536 praeter

266 2606 274 2624 ¹
293 2602 343 2633 Fr.
360 2604 386 2634 l.
517 2605 528 2621 ²
546 2602 625 2634 Text.
643 2604 721 2634 Ant.
740 2604 794 2637 IV.
814 2604 842 2644 7,
859 2607 888 2644 9,
907 2606 955 2637 10.
1086 2603 1096 2618 ³
1108 2604 1183 2636 Ath.
1201 2604 1297 2636 XIII.
1315 2606 1378 2636 600
1394 2604 1430 2635 R.

266 2657 277 2674 ⁴
293 2653 374 2686 [bid.
392 2656 455 2687 564
470 2654 509 2695 D,
526 2657 588 2687 569
605 2655 640 2696 F,
657 2658 720 2688 600
735 2655 774 2687 D.
862 2659 874 2677 ⁵
891 2656 940 2688 Fr.
958 2659 987 2697 9,
1006 2658 1052 2689 10.
1140 2658 1152 2676 ‘⁵
1166 2657 1244 2688 Phil.
1272 2656 1329 2689 Vit.
1349 2656 1442 2699 Soplz.
1462 2657 1504 2688 II.
1526 2660 1573 2689 16.

265 2711 277 2729 ⁷
296 2707 374 2739 Test.
393 2708 469 2740 Ant.
488 2708 543 2739 IV.
561 2711 590 2749 3,
607 2711 634 2742 4.
845 2712 857 2730 Β
872 2709 958 2741 Sext.
976 2709 1103 2750 Empir.,
1121 2710 1178 2741 Ed.
1197 2710 1329 2750 Bekker‚
1346 2720 1374 2750 p.
1390 2712 1459 2741 403.

266 2762 278 2780 ⁹
293 2761 344 2792 Fr.
363 2761 380 2793 7
631 2763 653 2781 '⁰
669 2762 720 2795 Fr.
739 2764 787 2793 14.
1030 2761 1051 2778 ¹¹
1071 2762 1148 2795 Text.
1167 2763 1243 2794 Ant.
1264 2763 1317 2794 IV.
1335 2766 1364 2794 8.
