1783 2968
843 207 890 245 10

217 315 285 362 (5.)
327 313 506 362 μάλιστα
548 311 678 350 δοῦλοι
717 312 756 350 ἐν
793 311 1052 360 Λακεδαίμονι
1093 311 1157 350 καὶ
1200 310 1404 363 ἐλεύθεροι,
1441 311 1479 349 τὶ
1516 310 1548 349 δ’

164 376 267 415 ἄλλο
299 392 353 425 Ὑε,
385 375 410 424 ἢ
442 375 539 427 ὅπερ
572 374 686 416 αὐτὸς
720 373 739 412 ὁ
773 374 936 426 Κριτίας
970 383 1091 427 φησιν
1124 375 1173 416 ὡς
1206 373 1393 415 ἀπιστίας
1426 373 1551 413 εἵνεκα

164 441 232 486 τῆς
269 440 368 490 πρὸς
406 437 493 478 τοὺς
530 437 700 477 εἵλωτας
737 436 895 478 τούτους
932 437 1074 489 ἐξαιρεῖ
1107 436 1178 485 μὲν
1209 435 1264 485 (ὁ)
1302 433 1551 488 Σπαρτιάτης

165 501 262 539 οἴκοι
298 503 365 549 τῆς
399 499 563 541 ἀσπίδος
597 499 663 539 τὸν
695 499 896 551 πόρπακα,
930 502 1042 539 τοῦτο
1076 498 1107 538 δ’
1143 498 1211 538 οὐκ
1247 498 1351 552 ἔχων
1382 498 1448 538 ἐπὶ
1484 502 1551 548 τῆς

165 563 372 615 στρατείας
403 566 528 602 ποιεῖν
556 561 617 601 διὰ
646 562 689 601 τὸ
717 562 794 601 δεῖν
818 563 1013 604 πολλάκις
1040 562 1234 612 ὀξύτητος,
1264 561 1307 601 τὸ
1333 561 1424 614 δόρυ
1449 561 1552 615 ἔχων

165 626 225 665 ἀεὶ
257 626 506 679 περιέρχεται
534 626 585 667 ὡς
625 626 809 678 κρείττων
840 642 885 676 «γε
923 625 1043 676 ταύτῃ
1071 627 1139 664 τοῦ
1166 624 1333 667 εἵλωτος
1361 625 1550 675 ἐσόμενος,

166 689 215 738 ἢν
239 690 319 728 ἀπὸ
337 689 454 739 μόνης
474 689 673 741 νεωτερίζῃ
693 693 759 738 τῆς
780 690 955 731 ἀσπίδος·
975 689 1268 741 μεμηχάνηνται
1286 688 1327 727 δὲ
1346 689 1468 738 (codd.
1489 688 1548 737 δὴ)

166 751 233 790 καὶ
261 752 414 793 κλεῖδας
441 753 486 793 ἁς
514 752 661 790 οἴονται
689 755 756 800 τῆς
783 752 866 803 παῤ
885 751 1038 789 ἐκείνων
1056 751 1270 799 ἐπιβουλῆς
1298 750 1552 803 ἰσχυροτέρας

165 813 459 852 elva0.—Liban.
481 815 554 863 (ed.
586 815 753 862 Reiske),
774 815 825 851 ΙΙ.
848 816 919 860 85;
946 814 990 851 cf.
1020 814 1139 858 Blass,
1168 814 1399 851 Grieehz'sehe
1417 814 1551 851 Βαναί-

164 878 329 922 samlceit,
350 878 379 915 I.
402 878 486 914 262.

219 959 288 1006 (6.)
309 957 419 1005 Φησὶ
432 960 526 1007 «γοῦν
543 957 705 1009 Κριτίας
720 956 832 995 οὕτω·
852 955 1188 1004 Ἀναπεδήσαντες
1203 955 1255 997 εἰς
1269 956 1375 1007 ὕψος
1389 956 1466 1008 πρὸ
1482 960 1554 995 τοῦ

166 1020 443 1072 κατενεχθῆναι
463 1020 528 1059 ἐπὶ
554 1023 627 1070 «γῆν
645 1018 909 1072 παραλλαγὰς
936 1019 1091 1060 πολλὰς
1121 1022 1200 1061 τοῖς
1218 1018 1339 1058 ποσὶν
1358 1018 1513 1058 ἐποίουν
1532 1019 1551 1058 ὁ

166 1083 212 1130 δὴ
233 1083 549 1135 θερμαϋστρίζειν
568 1083 941 1132 ἐλενγον.-Ε1ι8ίαί1ι.
963 1084 1014 1119 ad
1033 1083 1141 1120 Hom.
1164 1084 1286 1132 Odyss.
1308 1083 1355 1127 Θ,
1377 1083 1461 1123 376.

601 1179 664 1226 (b.)
694 1177 906 1215 Θετταλῶν
924 1179 1114 1216 πολιτεία.

221 1265 286 1314 (7.)
329 1263 620 1314 ὨμολόΎηνται
657 1262 688 1302 δ’
727 1262 764 1302 οἱ
799 1263 1005 1307 Θετταλοὶ,
1044 1264 1093 1305 ὡς
1130 1263 1195 1301 καὶ
1233 1263 1400 1316 Κριτίας
1437 1264 1550 1315 φησὶ,

166 1328 326 1366 πάντων
363 1326 571 1375 Ἑλλήνων
612 1326 947 1366 πολυτελέστατοι
989 1326 1221 1376 *γεγενῆσθαι
1263 1330 1354 1378 περί
1398 1344 1439 1366 τε
1482 1327 1552 1376 τὴν

167 1389 318 1428 δίαιταν
351 1392 415 1427 καὶ
448 1389 518 1437 τὴν
545 1390 704 1437 ἐσθῆτα·
737 1389 833 1440 ὅπερ
866 1390 994 1430 αὐτοῖς
1027 1383 1149 1427 αἴτιον
1178 1389 1325 1438 ἔὙενετο
1353 1389 1453 1427 κατὰ
1485 1393 1551 1438 τῆς

164 1451 360 1493 “Ελλάδος
379 1451 589 1501 ε’παὙαΎεῖν
603 1450 690 1492 τοὺς
706 1451 876 1503 Πέρσας,
894 1451 1141 1499 ζηλώσαντας
1160 1450 1229 1499 τὴν
1243 1450 1389 1489 τούτων
1403 1451 1551 1502 τρυφὴν

167 1515 232 1552 καὶ
252 1514 710 1552 πολυτέλειαν.-Αί]ιι’9ι.
732 1514 825 1551 XII.
849 1515 923 1551 527
944 1516 988 1551 A.

221 1576 502 1626 ὁμολογοῦνται
531 1575 563 1614 δ’
593 1575 630 1614 οἱ
656 1575 851 1614 Θετταλοὶ
883 1575 1217 1615 πολυτελέστατοι
1245 1578 1321 1614 τῶν
1346 1575 1551 1625 Ἑλλήνων

167 1639 399 1688 ’γεγενῆσθαι
431 1639 525 1691 περί
553 1655 595 1677 τε
628 1638 696 1679 τὰς
729 1639 895 1687 ἐσθῆτας
927 1638 991 1677 καὶ
1021 1638 1090 1687 τὴν
1109 1638 1267 1677 δίαιταν·
1298 1639 1392 1691 ὅπερ
1422 1640 1551 1682 αὐτοῖς

168 1702 292 1740 αἴτιον
307 1701 455 1751 ἔΎενετο
475 1701 541 1740 καὶ
559 1704 628 1741 τοῦ
642 1701 742 1740 κατὰ
761 1705 827 1751 τῆς
840 1701 1035 1743 Ἑλλάδος
1050 1703 1259 1751 ἐπωγωγεῖν
1273 1700 1359 1743 τοὺς
1380 1701 1548 1753 Πέρσας,

168 1764 384 1812 ἐζηλωκόσι
413 1764 484 1812 τὴν
501 1764 649 1803 τούτων
667 1765 816 1816 τρυφὴν
835 1766 897 1803 καὶ
929 1764 1194 1804 πολυτέλειαν.
1246 1764 1391 1816 ἱστορεῖ
1419 1765 1459 1803 δὲ
1488 1766 1551 1804 καὶ

167 1827 257 1880 περὶ
285 1830 352 1875 τῆς
380 1827 635 1869 πολυτελείας
655 1828 781 1867 αὐτῶν
799 1827 863 1866 καὶ
894 1828 1054 1880 Κριτίας
1073 1828 1113 1866 ἐν
1131 1828 1178 1878 τῇ
1204 1828 1394 1880 Πολιτεία
1412 1828 1547 1867 αὐτῶν.

1069 1891 1204 1930 Athen.
1225 1891 1333 1929 XIV.
1355 1892 1429 1929 663
1450 1892 1495 1929 A.

732 1974 773 2011 B.
802 1972 990 2022 Ὁμιλίαι.

221 2059 290 2106 (8.)
321 2056 403 2095 Καὶ
422 2056 461 2095 ἐν
478 2055 672 2105 (Ομιλιῶν
690 2057 878 2109 προτέρῳ.

222 2118 273 2157 Εἰ
304 2118 335 2157 δ’
369 2118 483 2160 αὐτὸς
521 2118 733 2167 ἀσκήσειας
761 2119 866 2161 ὅπως
897 2119 1030 2170 Γγνώμῃ
1062 2121 1112 2170 σῖ
1146 2119 1217 2170 ἔσῃ
1251 2119 1376 2162 ἱκανὸς
1406 2120 1550 2169 ἥκιστα

169 2181 217 2220 ἂν
245 2181 368 2223 οὕτως
397 2181 463 2220 ὑπ’
492 2181 610 2220 αὐτοῦ
638 2182 683 2220 ἂν
701 2182 1106 2230 ἀδικηθείης.-θαίεη
1127 2183 1198 2232 (ed.
1221 2183 1372 2232 Kuhn),
1393 2184 1548 2223 XVIII.

170 2246 254 2282 656.

221 2329 289 2375 (9.)
320 2326 504 2365 Αἰτιᾶται
532 2326 694 2379 Κριτίας
719 2327 962 2380 Ἀρχίλοχον
989 2328 1049 2367 ὅτι
1077 2328 1246 2367 κάκιστα
1274 2329 1408 2368 ἑαυτὸν
1435 2328 1548 2369 ἕιπεν·

170 2390 221 2428 Εἰ
238 2389 314 2442 ’γὰρ
332 2389 385 2439 μὴ
405 2390 543 2431 ἐκεῖνος
562 2389 742 2438 τοιαύτην
761 2390 875 2440 δόξαν
894 2391 987 2442 ὑπὲρ
1014 2391 1150 2430 ἑαυτοῦ
1169 2390 1221 2432 εἰς
1250 2390 1337 2433 τοὺς
1345 2390 1549 2440 ”Ελληνας

170 2452 367 2502 ἐξήνεγκεν
386 2452 455 2490 οὐκ
473 2451 520 2491 ἂν
539 2452 759 2502 ἐπυθόμεθα
787 2454 904 2504 ἡμεῖς,
926 2453 1012 2492 οὔτε
1037 2453 1096 2492 ὅτι
1116 2453 1296 2495 Ἐνιποῦς
1324 2453 1400 2496 υἱὸς
1418 2454 1465 2503 ἦν
1483 2458 1549 2504 τῆς

169 2515 320 2565 δούλης,
341 2515 422 2554 οὔθ’
442 2515 501 2554 ὅτι
530 2516 756 2556 καταλιπὼν
775 2517 911 2569 Πάρον
930 2517 991 2555 διὰ
1010 2520 1146 2556 πενίαν
1164 2517 1228 2556 καὶ
1247 2517 1415 2570 ἀπορίαν
1434 2519 1549 2565 ἦλθεν

168 2578 220 2621 εἰς
249 2579 394 2626 Θάσον,
415 2578 494 2618 οὔθ’
515 2580 574 2619 ὅτι
602 2579 727 2619 ἐλθὼν
745 2583 824 2622 τοῖς
852 2580 1016 2620 ἐνταῦθα
1035 2580 1173 2633 ἐχθρὸς
1193 2580 1352 2633 ἐγένετο,
1373 2581 1458 2620 οὐδὲ
1476 2581 1549 2632 μὴν

168 2643 228 2682 ὅτι
257 2641 396 2691 ὁμοίως
424 2645 510 2684 τοὺς
539 2642 678 2694 φίλους
705 2643 770 2682 καὶ
790 2643 876 2685 τοὺς
895 2643 1057 2696 ἐχθροὺς
1076 2644 1200 2685 κακῶς
1219 2643 1339 2694 ἔλενγε.
1393 2644 1490 2697 πρὸς
1509 2644 1549 2684 δὲ

168 2705 317 2746 τούτοις
349 2704 386 2752 (ἦ
406 2704 438 2743 δ’
460 2704 516 2755 ὃς)
536 2705 624 2745 οὔτε
642 2706 702 2745 ὅτι
720 2705 858 2758 μοιχὸς
875 2705 922 2755 ἦν
940 2706 1091 2756 ᾔδειμεν
1108 2705 1166 2750 ἂν,
1187 2705 1221 2745 εἰ
1237 2706 1291 2756 μὴ
1309 2706 1402 2759 παρ’
1431 2707 1550 2747 αὐτοῦ
