1783 2968
827 243 877 280 40

152 350 286 384 turum
318 346 461 384 fuisse.¹
522 347 710 384 Attamen
739 360 806 397 per
834 361 874 387 se
903 349 996 387 satis
1025 354 1082 387 est
1110 349 1363 400 improbabile
1393 351 1543 390 Philos-

153 413 294 446 tratum
326 410 439 446 Vitas
468 411 636 459 pedestri
665 423 840 448 sermone
869 413 1099 450 scribentem
1127 425 1281 450 carmen
1312 414 1544 452 hexametris

151 472 407 521 compositum
435 472 509 509 sibi
537 473 770 510 imitandum
801 475 1066 524 proposuisse:
1094 479 1290 524 praeterea
1319 481 1464 514 certum
1486 481 1544 515 est

153 535 314 572 Critian]
335 535 381 571 de
405 535 637 572 Archilocho
657 535 783 573 soluto
803 549 977 574 sermone
997 538 1125 586 egisse.

204 597 311 643 Quae
332 609 419 634 cum
450 597 505 634 ita
524 597 613 643 sint,
633 610 769 635 censeo
798 598 1033 636 Philostrato
1059 599 1202 637 librum
1232 611 1342 649 prosa
1371 600 1542 638 oratione

150 660 412 709 conscriptum
442 660 686 698 obversatum
708 674 812 699 esse:
842 662 984 699 Bachio
1009 666 1140 699 tamen
1165 663 1324 700 minime
1344 664 1541 707 assentior,

150 723 217 771 qui
252 722 395 760 Critiae
428 722 608 772 operibus
645 725 751 761 Βίοοι
783 723 933 773 adjecit,
965 724 1173 762 arbitratus
1212 736 1301 762 eum
1339 729 1539 774 poetarum

150 786 305 834 ingenia
333 785 431 823 libro
459 785 645 835 peculiari
673 787 898 824 Philostrati
928 787 1026 824 Vitis
1049 800 1230 836 germano
1249 788 1541 837 descripsissez⁹

146 849 233 897 jure
249 848 574 885 Wilamowit-zius
591 853 707 897 negat
722 849 948 886 Philostrati
964 849 1080 886 verba
1095 849 1150 886 sic
1165 849 1418 898 intelligenda
1432 853 1538 888 esse.³

152 910 255 947 Mihi
275 922 365 947 vero
384 910 722 959 persuasissimum
742 914 798 948 est
819 914 1017 960 poetarum
1038 911 1273 949 mentionem
1297 913 1338 949 in
1358 912 1538 950 Homiliis

153 973 297 1010 factam
318 985 421 1019 esse;
451 985 539 1010 nam
569 986 686 1022 supra
705 974 952 1023 cognovimus
982 973 1144 1011 Critialn
1164 974 1211 1011 de
1231 974 1464 1011 Archilocho
1483 975 1538 1012 ibi

151 1036 380 1086 disputasse,
400 1040 438 1074 et
466 1040 592 1074 cetera
611 1049 763 1086 quoque
783 1035 1023 1086 frag111enta,‘¹
1043 1049 1141 1086 quae
1168 1037 1334 1075 Bachius
1354 1037 1403 1075 ad
1431 1037 1540 1075 Vitas

150 1099 314 1144 rettulit,
334 1099 479 1148 optime
508 1100 725 1149 promiscuo
753 1100 1012 1138 Homilz'arum
1040 1104 1265 1150 argumento
1289 1100 1537 1138 conveniunt-

204 1162 399 1200 Homiliae
415 1162 531 1212 igitur
546 1162 689 1200 multas
710 1167 747 1200 et
767 1163 891 1201 varias
907 1163 1159 1212 quaestiones,
1175 1162 1223 1201 ad
1242 1163 1537 1213 philosophiam,

151 1226 308 1275 poesim,
329 1225 607 1274 rempublicam
637 1226 885 1275 pertinentes,
904 1226 1076 1276 tetigisse
1096 1225 1297 1263 videntur:
1326 1239 1403 1275 qua
1430 1227 1470 1263 in
1499 1240 1538 1265 re

150 1289 213 1325 hic
254 1288 353 1325 liber
386 1288 497 1337 quasi
529 1288 728 1337 speculum
764 1289 957 1326 versatilis
990 1289 1156 1326 auctoris
1193 1289 1338 1338 ingenii
1371 1290 1536 1338 praebet.

154 1351 357 1389 Sermones
386 1363 481 1400 quos
509 1351 552 1388 in
580 1351 777 1389 Thessalia
805 1351 1028 1401 peregrinus
1057 1351 1294 1401 conscripsit,
1314 1364 1401 1389 curn
1431 1352 1536 1390 Ionis

150 1415 255 1452 illius
293 1413 538 1462 Ἐπιδημίαις
571 1427 789 1463 comparare
832 1415 946 1452 licet:
993 1414 1120 1459 ceteri,
1158 1415 1198 1451 ni
1236 1414 1357 1459 fallor,
1394 1415 1532 1452 similis

152 1477 310 1515 fuerunt
348 1477 566 1526 argumenti
599 1489 643 1514 ac
677 1477 896 1529 φιλόλογοι
930 1476 1085 1526 ὁμιλίαι,
1118 1488 1212 1526 quas
1246 1476 1442 1526 Longinus
1479 1480 1537 1515 tot

151 1540 315 1579 saeculis
336 1545 468 1589 postea
488 1540 752 1590 conscripsit:⁵
780 1540 878 1578 illud
899 1553 1050 1589 quoque
1069 1540 1444 1578 commemorandum
1464 1546 1532 1586 est,

152 1603 256 1652 quod
289 1614 385 1651 opus
417 1602 526 1646 illud,
556 1614 631 1650 quo
661 1602 850 1639 Arrianus
882 1602 1051 1651 Epicteti
1084 1602 1296 1639 doctrinam
1332 1603 1537 1640 memoriae

152 1666 323 1711 tradidit,
350 1665 452 1715 apud
485 1665 693 1703 stobaeum
723 1669 762 1703 et
790 1665 974 1703 Photium
1001 1667 1146 1715 ὑμίλίιιι
1172 1664 1412 1715 appellatur,⁶
1437 1664 1538 1703 uude

150 1729 278 1766 elucet
297 1728 440 1777 dialogi
459 1728 622 1765 formam
642 1728 757 1765 titulo
778 1731 921 1776 ὁμιλίαι
941 1728 1085 1778 optime
1104 1728 1315 1765 convenire.

208 1792 315 1837 Quae
335 1790 539 1836 Homilz'ae,
559 1803 646 1828 cum
677 1791 793 1829 duces
812 1791 1113 1829 Atheniensium
1143 1790 1290 1829 fraudis
1318 1793 1357 1829 et
1385 1790 1538 1829 sceleris

153 1854 476 1899 insimulaverint,
497 1854 770 1903 inquirendum
801 1858 869 1899 est,
889 1867 935 1891 an
957 1854 1160 1903 scriptores
1180 1858 1376 1903 sequeutls
1402 1855 1539 1892 aetatis

154 1917 226 1954 hoc
259 1917 365 1954 fonte
403 1917 463 1954 usi
501 1916 588 1953 sint.
646 1916 789 1955 Critiae
827 1917 980 1966 scripta,
1014 1919 1057 1953 ut
1093 1929 1209 1966 supra
1240 1916 1419 1961 vidimus,
1453 1921 1539 1966 post

154 1983 316 2018 mortem
360 1980 527 2018 auctoris
564 1980 604 2016 in
643 1979 877 2017 oblivionem
916 1979 1093 2017 cecidere.
1162 1980 1334 2028 Excepto
1377 1979 1537 2017 Platone

155 2043 358 2080 Socraticis
391 2042 654 2080 odiosissimus
688 2043 773 2086 fuit,
807 2046 851 2079 ut
888 2055 907 2079 e
940 2042 1241 2079 Memorabilibus
1277 2041 1370 2078 satis
1402 2041 1538 2086 elucet,

156 2119 280 2156 neque
314 2106 448 2143 mitius
482 2106 558 2143 fuit
589 2106 784 2144 rhetorum
815 2111 853 2143 et
886 2096 1078 2144 oratorum
1103 2105 1302 2155 judicium.
1359 2105 1536 2154 Ephorus

156 2174 195 2205 et
235 2169 516 2217 Theopompus,
560 2169 740 2205 Isocratis
783 2168 974 2217 discipuli,
1017 2168 1245 2205 Therameni
1286 2168 1537 2205 infestissimo

155 2231 296 2269 Critiae
317 2230 469 2268 aemulo
489 2230 677 2276 faverunt,
697 2232 752 2269 ita
772 2235 816 2268 ut
845 2231 987 2269 Critiae
1007 2230 1213 2269 auctoritas
1232 2243 1309 2268 non
1340 2230 1413 2268 nisi
1433 2230 1536 2280 apud

153 2294 430 2343 Peripateticos
459 2294 586 2331 valere
616 2294 806 2342 potuerit:
835 2294 946 2342 cujus
974 2293 1028 2330 rei
1057 2293 1287 2330 documenta
1315 2306 1402 2330 cum
1432 2293 1536 2341 apud

191 2443 201 2461 ¹
217 2440 262 2473 cf.
281 2440 404 2479 Lallier,
421 2450 470 2481 op.
488 2440 539 2473 cit.
558 2443 607 2474 39.
955 2439 967 2456 ²
981 2439 1027 2471 Cf.
1045 2438 1140 2478 Bach,
1157 2449 1203 2481 op.
1221 2438 1274 2472 cit.
1291 2440 1340 2472 99.

189 2493 201 2512 ³
217 2493 262 2526 Cf.
280 2492 494 2533 Wilamowitz⁷
512 2492 567 2524 loc.
585 2493 636 2525 cic.
950 2496 962 2513 ⁴
979 2492 1028 2523 Fr.
1047 2493 1076 2532 9,
1095 2493 1144 2531 13,
1163 2493 1210 2524 14.

188 2546 200 2563 ⁵
216 2546 261 2578 Cf.
281 2545 450 2587 Ruhnken,
467 2545 515 2577 De
540 2545 612 2578 Vita
628 2551 656 2578 et
672 2545 811 2588 Scriptis
826 2544 977 2588 Lonyini,
995 2544 1106 2586 Opusc.
1125 2544 1149 2576 I.
1168 2547 1241 2578 509.

187 2601 199 2618 ⁶
215 2598 339 2642 ἔγραψε
363 2598 417 2640 (sc.
436 2597 604 2641 Ἀῤῥιοινός)
621 2598 651 2631 δὲ
673 2601 786 2637 βιβλία
810 2599 865 2631 καὶ
891 2598 981 2642 ἕτεροι
1005 2599 1066 2632 τῶν
1080 2598 1137 2639 μὲν
1160 2596 1324 2638 διατριβῶυ
1340 2595 1535 2634 Ἐπικτήτου

143 2654 201 2686 τοῦ
217 2651 407 2684 διδασκάλου
425 2651 481 2684 ὅσοι
507 2654 591 2693 ἴσμεν
615 2654 728 2690 βιβλιάι
754 2653 841 2693 ὀκτὼ,
858 2653 919 2685 τῶν
942 2650 972 2683 δὲ
996 2652 1124 2692 ὀμιλιῦν
1145 2653 1202 2683 τοῦ
1225 2652 1325 2683 αὑτοῦ
1339 2648 1535 2686 Ἐπικτήτου

142 2706 256 2743 βιβλία
283 2703 407 2746 δώδεκα,
436 2705 527 2737 Phot.
574 2706 606 2737 ἐκ
630 2706 690 2738 τῶν
712 2704 871 2747 Ἀῤῥιοινοῦ
898 2705 1153 2748 πτροτρεπτικῶν
1179 2704 1315 2745 ὁμιλιῶν,
1339 2702 1425 2735 Stob.
1451 2702 1533 2733 Flor.

144 2761 196 2799 97,
213 2760 263 2790 28.
313 2758 359 2790 Cf.
381 2757 506 2800 Asmus,
526 2758 729 2798 Quaestiones
745 2758 934 2801 Epicteteae‚
950 2762 1000 2792 36.
