1783 2968
848 265 895 301 16

172 371 353 408 Ceterum
368 370 557 419 Dionysio
573 368 906 407 Halicarnassensi
925 368 1029 405 haud
1044 367 1160 405 dubie
1180 367 1220 404 in
1241 366 1418 404 manibus
1439 365 1553 403 fuere.

173 434 251 471 Hic
277 434 391 478 enim,
411 433 600 483 quamvis,
619 432 787 482 amplius
812 431 860 469 de
889 430 1009 469 Critia
1034 431 1217 469 disserere
1241 432 1401 475 recuset,
1420 428 1555 467 stilum

172 497 265 544 ejus,
294 500 482 545 tanquam
514 495 722 533 lectoribus
760 495 853 532 satis
885 497 1032 538 notum,
1060 492 1229 542 exempli
1264 492 1387 542 gratia
1419 489 1555 528 affert.¹

173 559 276 604 Quid
305 559 496 597 Caecilius
515 558 562 596 de
583 558 705 596 Critia
730 557 931 601 censuerit,
951 569 998 594 ex
1027 556 1095 593 illo
1114 555 1208 594 satis
1227 554 1363 599 elucet,
1383 553 1486 604 quod
1514 552 1555 590 in

172 626 365 658 oratorum
386 634 531 659 canone
554 620 824 659 constituendo
850 632 898 657 ne
918 618 1111 656 Andocidi
1130 618 1287 668 quidem
1315 616 1555 667 praepositus

173 684 247 721 sit.2

228 748 414 797 Sequenti
435 747 588 786 saeculo
603 747 867 785 vetustissima
884 746 1028 785 Critiae
1048 747 1261 796 fragmenta
1280 745 1383 795 apud
1404 744 1555 782 Plutar-

173 810 288 848 chum
297 814 336 848 et
349 811 524 848 Cassium
538 810 705 848 Dionem
718 810 972 860 reperiuntur.
1002 808 1332 847 Chaeronenensis
1339 821 1385 846 ex
1393 807 1558 857 Eleyz'isff

175 874 344 910 Pontii-3⁴
359 879 408 918 et,
424 873 465 910 ni
486 873 606 918 fallor,
626 886 646 911 e
665 874 867 910 Homiliis⁵
882 872 1030 910 hausit:
1050 872 1154 922 origo
1168 871 1373 921 fragmenti
1389 884 1411 908 a
1426 870 1557 908 Cassio

175 934 319 972 servati
338 935 485 972 incerta
501 938 580 982 est;
606 935 732 973 elucet
746 939 876 973 tamen
892 947 912 972 e
926 934 1085 979 ratione,
1100 946 1176 983 qua
1191 933 1307 971 verba
1320 933 1558 983 adlegantur,

176 998 410 1034 sententiam
436 998 678 1034 notissimam
708 997 852 1034 fuisse.⁶
904 997 1057 1035 Deinde
1087 996 1135 1033 ad
1167 996 1362 1033 Herodem
1380 995 1558 1031 Atticum

175 1058 431 1107 pervenimus,
451 1058 580 1096 virum
609 1059 656 1096 de
685 1058 805 1096 Critia
833 1058 978 1108 optime
1006 1057 1198 1102 meritum,
1217 1057 1362 1107 quippe
1380 1056 1448 1106 qui
1476 1057 1559 1106 ejus

175 1119 309 1158 laudes
329 1121 378 1158 ab
398 1121 591 1158 oblivione
613 1121 877 1158 vindicaverit.
933 1120 1089 1159 Etenim
1116 1120 1279 1158 Critiam
1305 1133 1396 1169 prae
1422 1119 1559 1157 ceteris

178 1183 431 1232 scriptoribus
457 1183 597 1222 dilexit
615 1183 827 1234 stilumque
853 1184 937 1234 ejus
956 1183 1031 1222 sibi
1057 1183 1189 1222 sedulo
1216 1183 1446 1221 imitandum
1476 1194 1558 1232 pro-

178 1245 345 1295 posuit:⁷
372 1246 474 1285 idem
507 1247 578 1285 hoc
607 1247 779 1285 studium
806 1247 1032 1297 aequalibus
1059 1247 1336 1297 discipulisque
1362 1246 1559 1296 impertiit,

179 1308 247 1356 qui
267 1308 431 1345 multam
452 1321 607 1358 operam
633 1309 673 1346 in
701 1309 844 1346 Critiae
870 1308 1048 1359 operibus
1068 1309 1350 1359 consumpsisse
1369 1308 1560 1346 videntur.

179 1370 374 1409 Videlicet
393 1371 556 1410 Photius
582 1372 692 1410 testis
718 1375 776 1410 est
796 1372 1062 1421 Phrynichum
1090 1372 1249 1410 Critiam
1277 1372 1378 1410 inter
1397 1371 1562 1421 optimos

177 1433 330 1470 Atticos
360 1433 565 1482 scriptores
595 1433 875 1472 enumerasse:8
902 1433 1093 1472 Aristides
1112 1447 1275 1484 quoque,
1294 1434 1461 1472 Herodis
1486 1433 1563 1471 dis-

178 1495 341 1545 cipulus,
361 1496 555 1545 specimen
575 1496 804 1534 elocutionis
825 1495 969 1535 Critiae
989 1497 1181 1534 servavit.⁹
1234 1496 1397 1535 Accedit
1413 1495 1563 1540 Pollux,

177 1558 351 1607 ejusdem
372 1558 509 1596 aetatis
535 1558 840 1608 lexicographus,
861 1559 926 1607 qui
948 1558 1091 1608 largam
1119 1559 1267 1608 copiam
1289 1558 1562 1597 vocabulorum

178 1634 197 1658 e
214 1620 360 1659 Critiae
380 1621 535 1670 scriptis
555 1621 870 1671 depromptorum
889 1621 929 1658 in
953 1622 1209 1659 Onomasticon
1223 1621 1404 1671 recepit.1⁰
1458 1622 1564 1667 Quae

180 1683 285 1721 haud
305 1683 421 1721 dubie
440 1684 583 1733 partim
604 1697 623 1722 e
650 1684 785 1722 lexicis
805 1684 1082 1722 vetustioribus
1102 1684 1406 1723 hausit—unum
1426 1684 1563 1722 saltem

181 1747 329 1783 fontem
350 1759 440 1783 cum
459 1747 657 1796 Hesychio
678 1759 921 1785 communem
943 1747 1201 1785 habuit—sed
1221 1759 1376 1796 prorsus
1395 1746 1563 1796 improb-

180 1808 281 1845 abile
301 1814 368 1854 est,
386 1809 515 1846 omnia
535 1821 634 1858 quae
654 1810 798 1858 profert
813 1809 894 1858 jam
914 1813 1004 1847 ante
1025 1809 1216 1847 Hadriani
1231 1813 1407 1855 aetatem,
1423 1809 1564 1859 quibus

179 1871 419 1920 temporibus
447 1872 590 1910 Critiae
616 1885 730 1921 opera
756 1872 931 1922 neglecta
945 1872 1136 1921 jacebant,
1155 1876 1286 1910 notata
1305 1885 1409 1911 esse:
1437 1872 1566 1922 potius

181 1937 240 1971 est
276 1934 529 1972 statuendum
577 1934 869 1984 lexicographos
918 1934 1085 1973 Herodis
1128 1935 1304 1985 exemplo
1347 1935 1566 1973 stimulatos

180 1997 325 2035 Critiae
359 1997 476 2036 libros
510 1997 636 2035 denuo
669 1997 901 2047 perscrutari
934 1998 1126 2047 coepisse:
1163 2011 1328 2048 quarum
1359 1998 1565 2048 investiga-

177 2060 328 2097 tionum
368 2061 518 2098 fructus
556 2073 645 2097 cum
683 2060 785 2109 apud
825 2060 1023 2098 Pollucem
1058 2064 1143 2098 tum
1179 2062 1284 2110 apud
1320 2061 1566 2099 Athenaeum

178 2125 323 2170 patent.
380 2121 526 2159 Eodem
560 2122 638 2160 fere
670 2126 842 2171 tempore
875 2121 1124 2171 Hephaesti0‚
1154 2123 1209 2160 rei
1246 2123 1426 2161 metricae
1458 2123 1566 2161 illus-

181 2184 343 2222 trandae
363 2197 487 2230 eausa,
507 2188 691 2234 quattuor
711 2197 844 2222 versus
865 2197 913 2222 ex
932 2185 1064 2235 Eleyia
1083 2186 1125 2223 in
1143 2186 1380 2225 Alcibiadem
1398 2186 1511 2225 affert,
1524 2189 1567 2224 :¹¹

178 2248 444 2298 Hermogenes
474 2247 618 2286 Critiae
646 2247 781 2285 stilum
810 2247 941 2286 dedita
969 2261 1084 2298 opera
1111 2252 1369 2299 percensetz¹²
1397 2250 1568 2288 Galenus

176 2311 428 2360 Aphorz'smos,
449 2310 652 2357 Homilias,
672 2311 816 2349 librum
836 2311 892 2348 De
920 2316 1064 2349 natura
1091 2314 1230 2351 amoris
1257 2315 1568 2352 commemorat.¹²

178 2374 425 2411 Herodianus
445 2387 598 2423 quoque
619 2374 811 2423 colloquia
831 2374 1026 2423 respicit.¹⁴

222 2449 227 2464 ¹
251 2450 332 2485 Test,
350 2451 374 2481 A
382 2456 427 2482 nt.
446 2451 482 2482 V.
500 2454 530 2490 3,
547 2453 575 2482 4.

221 2503 294 2533 ²De
322 2503 456 2533 Canonis
484 2503 609 2543 Origine
637 2503 695 2534 vid.
723 2503 886 2543 Susemiffl,
916 2504 1114 2535 Grieclzc'sclce
1139 2504 1307 2537 Literamr
1333 2505 1369 2536 in
1394 2505 1450 2537 der
1473 2505 1569 2537 Alea:-

179 2555 401 2595 andrc'nerzeit,
420 2556 464 2587 II.
483 2558 556 2596 485,
573 2558 646 2589 694.

220 2607 231 2622 ³
252 2607 329 2639 Test.
348 2608 437 2648 Ant„
455 2608 499 2642 II.
518 2611 547 2640 3.
723 2612 735 2630 ⁴
751 2609 802 2640 Fr.
820 2611 848 2643 4.
1024 2614 1036 2631 ⁵
1051 2610 1103 2643 Fr.
1124 2612 1171 2642 11.
1349 2614 1361 2632 ⁶
1376 2611 1428 2643 Fr.
1448 2613 1496 2643 17.

221 2663 232 2680 ⁷
253 2660 282 2691 T
279 2666 330 2692 est.
352 2662 374 2691 A
382 2666 438 2701 nt„
456 2661 493 2694 V.
511 2664 549 2698 93
565 2662 603 2692 cf.
622 2661 758 2702 Schmid,
776 2661 977 2703 Atticismus,
995 2663 1019 2694 Ι.
1038 2665 1108 2695 204.
1198 2667 1210 2685 8
1230 2662 1309 2695 Τεει.
1326 2663 1403 2695 Ant.
1422 2664 1459 2695 V.
1478 2666 1526 2696 10.

220 2714 231 2731 ⁹
252 2714 330 2748 Test.
350 2715 426 2747 Ant.
445 2715 481 2748 V.
501 2716 527 2748 7.
620 2715 645 2734 1⁰
660 2716 712 2747 Fr.
732 2718 844 2748 18—40.
936 2714 957 2733 ¹¹
977 2716 1148 2758 Hephaest.
1174 2717 1230 2748 Ed.
1248 2717 1421 2758 Westphal,
1439 2717 1456 2760 g
1475 2720 1525 2750 20.

221 2766 241 2783 ¹²
258 2768 339 2801 Test.
354 2768 431 2800 Ant.
443 2769 480 2800 V.
498 2771 527 2801 5.
620 2766 641 2783 ¹³
653 2769 704 2802 Fr.
719 2772 748 2809 8,
765 2772 813 2810 15,
829 2772 878 2802 16.
970 2770 991 2786 ¹⁴
1007 2770 1176 2811 Herodian,
1193 2770 1250 2802 Ed.
1269 2771 1376 2811 Lentz,
1390 2771 1434 2803 ΙΙ,
1453 2774 1525 2803 946.
