1783 2968
927 256 949 295 3

299 363 367 412 (2.)
396 362 458 401 καὶ
487 363 701 415 ψηφίζεται
720 362 739 401 ὁ
760 362 875 413 δῆμος
903 362 1067 416 Κριτίου
1096 362 1269 404 εἰπόντος
1299 361 1366 401 τὸν
1394 361 1465 412 μὲν
1496 359 1627 413 νεκρὸν

245 427 309 474 (so.
340 426 553 479 Φρυνίχου)
582 426 721 478 κρίνειν
747 426 969 478 προδοσίας,
996 426 1067 465 κᾶν
1094 426 1186 477 δόξῃ
1213 425 1405 478 προδότης
1433 423 1485 463 ὢν
1512 424 1553 462 ἐν
1580 425 1627 473 τῇ

245 488 356 540 χώρα
374 488 576 537 τεθάφθαι,
596 489 646 527 τά
664 505 706 527 τε
724 488 823 527 ὀστᾶ
842 489 959 527 αὐτοῦ
978 489 1157 541 ἀνορύξαι
1176 490 1242 526 καὶ
1261 487 1435 540 ἐξορίσαι
1455 486 1529 536 ἔξω
1559 489 1626 534 τῆς

243 546 434 600 Ἀττικῆς,
454 548 560 591 ὅπως
578 548 625 588 ἂν
642 548 696 598 μὴ
715 549 846 598 κέηται
866 549 905 588 ἐν
924 550 970 600 τῇ
990 549 1101 602 χώρα
1127 548 1223 599 μηδὲ
1250 550 1297 587 τὰ
1327 547 1428 586 ὀστᾶ
1456 550 1525 586 τοῦ
1553 545 1624 593 τὴν

244 611 376 662 χώραν
389 612 454 649 καὶ
472 612 541 659 τὴν
555 612 673 650 πόλιν
686 611 1152 664 προδιδόντος-ῑῃοῖιφῃ,
1170 613 1221 648 [η
1242 613 1357 648 Ζοοον.
1374 611 1426 662 §§
1443 611 1626 647 113-115.

299 685 365 733 (3.)
404 683 448 724 τὸ
479 684 550 734 μὲν
580 684 646 724 οὖν
676 684 870 737 ψήφισμα
901 687 968 733 τῆς
1001 684 1164 723 καθόδου
1191 684 1380 737 πρότερον
1408 682 1621 735 ἐκεκύρωτο

244 746 405 798 Κριτίου
423 751 491 787 τοῦ
511 749 802 801 Καλλαίσχρου
820 749 1049 801 γράψαντος
1077 748 1126 789 ὡς
1145 748 1258 789 αὐτὸς
1278 747 1318 786 ἐν
1336 750 1418 788 ταῖς
1433 746 1620 796 ἐλεγείαις

243 810 460 858 πεποίηκεν,
478 811 782 861 ὑπομιμνήσκων
796 811 862 850 τὸν
879 810 1138 858 Ἀλκιβιάδην
1152 813 1218 859 τῆς
1236 811 1396 863 χάριτος
1411 810 1451 848 ἐν
1464 808 1624 850 τούτοις.

373 882 511 932 Γνώμη
530 882 561 921 δ’
581 883 605 932 ἥ
625 899 671 922 σε
690 883 875 933 κατήγαγ’
896 883 971 932 ἐγὼ
990 882 1133 930 ταύτην
1151 883 1190 921 ἐν
1208 882 1358 921 ἅπασιν

372 943 490 991 εἷπον,
511 945 574 983 καὶ
592 946 753 997 γράψας
772 945 934 998 τοῦργον
952 945 1098 997 ἔδρασα
1116 944 1212 983 τόδε·

375 1007 544 1059 σφρηγὶς
563 1008 592 1045 δ’
614 1007 795 1060 ἡμετέρης
813 1007 990 1057 γλώττης
1009 1007 1074 1046 ἐπὶ
1093 1007 1265 1046 τοῖσδεσι
1280 1010 1410 1046 κεῖται.

1195 1071 1348 1108 —Plut.
1369 1071 1488 1107 Alcib.
1510 1071 1569 1107 23.

296 1140 363 1190 (4.)
393 1142 632 1192 Suffragante
653 1141 893 1180 Theramene
913 1143 1046 1192 populi
1073 1143 1167 1180 scito
1187 1143 1404 1180 resnituitur
1424 1143 1489 1192 (sc.
1510 1142 1617 1178 Alci-

243 1202 389 1250 biades)
405 1204 564 1253 parique
579 1204 716 1241 absens
730 1204 890 1253 imperio
905 1205 1123 1254 praeficitur
1139 1204 1253 1242 simul
1273 1218 1360 1242 cum
1380 1203 1620 1253 Thrasybulo

241 1269 280 1300 et
298 1264 688 1315 Theramene—Nep.
720 1267 793 1304 Vz‘t.
813 1267 897 1305 Alc.
921 1269 951 1304 6.

295 1337 364 1386 (5.)
402 1337 467 1377 καὶ
497 1337 573 1390 γὰρ
606 1337 671 1377 τὸν
704 1338 964 1387 Ἀλκιβιάδην
994 1339 1102 1381 οὗτος
1134 1339 1246 1388 μόνος
1277 1341 1341 1389 (Sc.
1376 1338 1618 1390 Θηραμένης)

242 1399 527 1446 συνεβούλευσε
546 1397 944 1456 κατάγειν-ζξῖοᾶον.
966 1403 1042 1439 xiii.
1065 1403 1122 1439 38.

297 1473 361 1521 (6.)
409 1472 473 1511 καὶ
511 1474 704 1525 Κλεοφῶν
740 1464 839 1513 κατὰ
887 1474 1048 1526 Κριτίου
1093 1477 1170 1515 τὸις
1215 1470 1392 1515 Σόλωνος
1438 1474 1618 1522 ἐλεγείοις

242 1534 440 1585 ἐχρήσατο
471 1535 599 1585 λέγων
626 1537 685 1575 ὅτι
714 1538 842 1575 πάλαι
872 1537 1041 1587 ἀσελγὴς
1068 1539 1091 1585 ἡ
1118 1537 1227 1575 οἰκία·
1271 1537 1314 1575 οὐ
1343 1536 1418 1588 γὰρ
1448 1536 1495 1575 ἂν
1522 1553 1618 1574 ποτε

241 1595 401 1644 ἐποίησε
420 1594 566 1644 Σόλων,

295 1658 431 1699 Εἰπεῖν
449 1677 515 1709 μοι
540 1661 685 1714 Κριτίᾳ
703 1662 937 1715 πυρρότριχι
959 1662 1105 1714 πατρὸς
1124 1661 1492 1700 ἀκούειν.-Ανι’3ίοί.
1514 1661 1617 1698 Rhet.

241 1722 269 1759 Ι.
298 1724 354 1760 15.

294 1796 361 1844 (7.)
392 1797 554 1849 Κριτίας
573 1797 641 1837 ἅτε
660 1797 725 1837 καὶ
744 1801 877 1850 φυγὼν
896 1799 972 1838 ὑπὸ
996 1802 1062 1838 τοῦ
1081 1799 1355 1849 &maoth—Abu.
1373 1799 1473 1836 Hist.
1492 1798 1616 1836 Gracc.

240 1858 292 1895 II.
315 1861 348 1904 3,
371 1860 428 1897 15.

292 1927 361 1975 (8.)
381 1925 445 1965 ὅτε
463 1926 538 1980 γὰρ
558 1930 680 1967 ταῦτα
694 1928 740 1977 ἣν
759 1930 827 1979 (220.
844 1935 1014 1980 tempore
1034 1931 1168 1980 proelii
1188 1930 1290 1980 apud
1309 1930 1454 1967 insulas
1474 1930 1615 1979 Argin-

241 2001 356 2027 nusas
386 1991 494 2040 facti)
515 1991 560 2030 οὐ
578 1991 714 2044 παρὼν
733 1992 941 2045 ἐτύγχανεν
964 1995 1025 2042 (so.
1047 1992 1226 2045 Κριτίας)
1245 1992 1337 2031 ἀλλ’
1358 1992 1397 2031 ἐν
1416 1992 1616 2043 Θετταλία

238 2050 336 2099 μετὰ
366 2053 606 2104 Προμηθέως
638 2054 898 2108 δημοκρατίαν
927 2055 1178 2104 κατεσκεύαζε
1208 2055 1271 2094 καὶ
1301 2054 1387 2097 τοὺς
1417 2054 1614 2096 Πενέστας

239 2113 405 2163 ὥπλιζεν
424 2116 489 2154 ἐπὶ
508 2117 595 2159 τοὺς
615 2117 966 2160 δεσπότας.-Χοη.
988 2120 1087 2156 Hist.
1111 2120 1232 2156 Graec.
1254 2120 1305 2155 H.
1328 2119 1361 2162 3,
1382 2120 1439 2155 36.

290 2184 355 2233 (9.)
389 2182 652 2236 Ἀρίστιππος
676 2185 717 2224 δὲ
736 2185 755 2224 ὁ
775 2186 974 2228 Θετταλὸς
1003 2186 1105 2236 ξένος
1124 2185 1175 2225 ὢν
1194 2185 1402 2238 ἐτύγχανεν
1427 2186 1531 2237 αὐτῷ
1551 2187 1617 2235 (SC.

240 2245 373 2297 Κύρῳ)
414 2247 477 2286 καὶ
510 2248 727 2298 πιεζόμενος
760 2249 835 2288 ὑπὸ
868 2252 944 2289 τῶν
976 2250 1072 2288 οἴκοι
1110 2250 1429 2289 ἀντιστασιωτῶν
1460 2248 1617 2301 ἔρχεται

237 2308 333 2361 πρὸς
352 2311 421 2348 τὸν
442 2311 572 2362 Κῦρον
591 2312 656 2350 καὶ
676 2311 777 2352 αἰτεῖ
792 2312 911 2352 αὐτὸν
929 2312 981 2355 εἰς
1008 2313 1226 2366 δισχιλίους
1254 2312 1379 2361 ξένους
1407 2311 1471 2350 καὶ
1499 2314 1616 2363 τριῶν

236 2374 365 2420 μηνῶν
395 2373 548 2421 μισθόν,
578 2374 628 2415 ὡς
657 2375 758 2413 οὕτω
787 2375 1071 2428 περιγενόμενος
1107 2375 1154 2414 ἂν
1182 2377 1258 2414 τῶν
1287 2377 1615 2413 ἀντιστασιωτῶν·

237 2434 256 2473 ὁ
289 2435 329 2473 δὲ
364 2436 490 2488 Κῦρος
522 2436 680 2477 δίδωσιν
711 2438 816 2490 αὐτῷ
848 2438 899 2481 εἰς
936 2438 1272 2491 τετρακισχιλίους
1309 2438 1373 2476 καὶ
1410 2439 1451 2488 ἑξ
1486 2440 1615 2487 μηνῶν

236 2497 538 2546 μισθόν-Αἴθη.
559 2501 681 2539 Anah.
704 2502 732 2539 I.
756 2503 788 2547 1,
810 2504 867 2540 11.

292 2568 383 2617 (10.)
413 2567 479 2606 καὶ
507 2570 774 2620 παραγγέλλει
802 2572 867 2620 (SC.
900 2571 1042 2622 Κῦρος)
1072 2572 1126 2622 τῷ
1153 2586 1194 2608 τε
1224 2570 1419 2622 Κλεάρχῳ
1447 2570 1616 2617 λαβόντι

237 2630 340 2677 ἥκειν
358 2629 450 2669 ὅσον
469 2635 513 2676 ἧν
532 2632 632 2683 αὐτῷ
649 2632 873 2684 στράτευμα
900 2633 964 2671 καὶ
992 2634 1047 2684 τῷ
1066 2633 1311 2684 Ἀριστίππῳ
1330 2634 1616 2682 συναλλαγέντι

234 2691 327 2744 πρὸς
346 2691 432 2734 τοὺς
452 2693 548 2732 οἴκοι
566 2694 807 2746 ἀποπέμψαι
826 2695 922 2747 πρὸς
942 2695 1077 2734 ἑαυτὸν
1092 2694 1111 2733 ὁ
1127 2693 1208 2747 εἶχε
1227 2696 1611 2747 στράτευμα-Χεφι.

234 2755 355 2792 Anah.
377 2755 406 2792 Ι.
430 2757 463 2801 2,
484 2758 515 2794 1.
