1783 2968
849 233 897 270 2ss

181 339 414 376 seutentiam
446 339 670 387 profiteatur
690 338 894 376 validiores
914 352 1064 388 semper
1087 339 1151 388 jus
1179 339 1319 376 habere
1348 339 1565 388 imperandi

180 402 234 438 eis
268 402 335 450 qui
372 405 465 439 sunt
503 401 894 439 in1becilliores1—-ea
930 402 1163 451 reipublicae
1197 402 1319 439 forma
1352 406 1569 445 contentus,

180 477 278 513 quae
319 464 476 501 Periclis
515 468 638 501 aetate
673 465 852 508 obtinuit,
888 465 1003 513 hujus
1037 465 1209 514 vestigiis
1247 464 1397 514 ingredi
1435 464 1569 513 cupit.²

182 527 267 572 Qua
286 527 326 563 in
346 539 385 564 re
405 526 664 575 discrepantia
683 527 785 564 inter
805 527 964 565 Critiam
986 530 1025 564 et
1053 526 1253 565 Calliclem
1281 527 1420 564 iterum
1450 530 1567 576 patet.

181 589 255 627 Ille
284 590 388 627 enim
416 589 457 626 in
486 590 643 640 Sisyphi
672 590 896 640 fragmento,
923 603 944 627 a
974 590 1090 628 Sexto
1118 589 1312 639 Empirico
1341 594 1501 635 servato,
1521 589 1568 626 de

181 653 276 701 legis
297 652 441 702 origine
462 653 552 702 agit,
572 653 847 702 confessusque
874 653 1049 691 homines
1078 653 1171 690 olim
1200 653 1282 691 sine
1310 653 1392 702 lege
1413 653 1570 696 vixisse,

182 715 272 752 huic
302 715 514 753 conditioni
544 715 638 753 adeo
668 728 745 753 non
774 716 933 760 invidet,
962 720 1007 753 ut
1035 728 1124 753 eum
1152 715 1328 753 divinum
1357 718 1565 765 nuncupet,

183 779 250 827 qui
292 778 396 827 leges
438 783 476 815 et
517 778 742 827 religionem
784 779 832 816 ad
874 779 1076 816 hominum
1118 779 1213 816 vitia
1255 778 1464 816 coercenda
1509 778 1568 814 in-

183 841 358 877 venerit.³
425 841 605 889 Denique
642 841 729 889 quis
768 841 907 884 credat,
946 841 1118 889 Critian),
1155 840 1222 889 qui
1259 840 1570 878 Lacedaemoniis

183 906 314 951 aperte
334 902 443 947 favit,
464 915 674 951 eorumque
703 915 826 940 mores
846 907 884 940 et
912 903 1092 940 instituta
1112 915 1200 940 cum
1220 903 1455 940 carminibus
1483 908 1568 939 tuln

184 964 370 1014 opusculo
390 964 577 1014 peculiari
598 964 815 1009 celebravit,
835 965 934 1002 illud
965 965 1135 1003 Calliclis
1155 967 1231 1004 τῶν
1249 964 1299 1003 τὰ
1317 963 1398 1003 ὦτα
1426 981 1563 1003 κατεα-

183 1026 312 1075 νγότων
325 1029 338 1047 ⁴
359 1027 405 1063 de
425 1027 738 1064 Lacedaemoniis
758 1030 1035 1075 usurpaturum
1055 1027 1182 1065 fuisse.

238 1089 343 1133 Quos
363 1088 563 1137 scrupulos
583 1101 627 1125 ea
647 1101 723 1125 non
749 1088 895 1126 tollunt
922 1102 1020 1137 quae
1041 1089 1204 1126 Cronius
1224 1089 1270 1126 de
1293 1089 1517 1126 Chai-midae
1536 1093 1575 1126 et

188 1152 346 1200 Gooyiae
374 1150 633 1188 similitudine
661 1151 796 1188 adfert.
853 1151 966 1196 Nam,
995 1152 1098 1200 quod
1126 1151 1174 1188 ad
1202 1152 1392 1189 rationem
1420 1152 1571 1196 attinet,

186 1226 263 1262 qua
283 1213 324 1250 in
347 1213 556 1250 Charmidea
577 1212 717 1250 Critias
738 1212 776 1249 in
799 1212 937 1261 θον-μία
969 1212 1147 1251 Callicles
1167 1226 1379 1251 sermonem
1400 1213 1573 1264 suscipit,

186 1276 258 1313 hoc
293 1288 371 1312 non
405 1275 654 1324 loquentibus
684 1275 749 1312 sed
784 1275 905 1324 magis
935 1275 1010 1324 ipsi
1039 1276 1192 1312 Platoni
1225 1276 1475 1312 tribuendum
1504 1280 1573 1319 est,

187 1337 255 1386 qui
276 1336 443 1374 Socratis
463 1336 701 1373 adversarios
722 1336 911 1383 ejusmodi
931 1336 1197 1373 vehementiae
1217 1336 1442 1374 insimulare
1463 1337 1567 1374 solet.

189 1400 309 1447 Cujus
338 1399 392 1435 rei
421 1398 643 1447 exemplum
673 1398 1032 1436 manifestissimum
1061 1399 1101 1435 in
1122 1398 1323 1448 Republica
1352 1403 1488 1444 exstat,
1508 1400 1575 1437 ubi

188 1462 256 1499 illa
277 1461 543 1498 vehementiae
571 1460 790 1509 descriptio,
810 1473 925 1509 quam
957 1457 1118 1498 Cronius
1146 1462 1186 1498 in
1219 1461 1428 1498 Charmidai
1456 1465 1574 1505 notat,

189 1524 238 1561 ad
259 1524 419 1560 verbum
442 1523 518 1559 fere
540 1523 579 1558 in
600 1523 877 1570 Thrasymachi
897 1535 1094 1571 personam
1116 1524 1368 1560 transsertur.⁵
1422 1524 1574 1561 Deinde

189 1587 221 1623 si
250 1584 404 1635 singula
433 1584 564 1634 paullo
593 1584 808 1621 accuratius
837 1584 1067 1633 inspicimus
1095 1585 1217 1623 multa
1245 1586 1455 1635 reperimus
1475 1598 1572 1635 quae

191 1648 353 1686 Critiam
382 1660 404 1684 a
424 1645 585 1684 Callicle
614 1650 745 1695 aperte
766 1646 1031 1695 distinguunt:
1062 1647 1240 1685 Callicles
1261 1649 1374 1693 enim,
1395 1649 1572 1697 quamvis

190 1711 337 1749 Socrati
367 1722 442 1747 non
473 1709 665 1753 inimicus,
686 1721 761 1745 non
782 1709 883 1746 inter
902 1709 984 1758 ejus
1005 1709 1212 1748 familiares
1231 1710 1474 1760 quaerendus
1493 1715 1572 1748 est:

192 1774 425 1812 Socraticam
454 1773 642 1810 rationem
671 1772 970 1821 philosophandi
999 1786 1153 1822 prorsus
1180 1773 1390 1823 despicitz⁶
1418 1774 1576 1823 ejusque

227 1889 233 1905 ¹
252 1889 269 1926 ἡ
286 1887 314 1920 δέ
331 1901 377 1926 γε,
395 1886 493 1929 οἶμαι,
513 1885 599 1925 φύσις
625 1885 709 1924 αὐτὴ
724 1888 892 1925 ἀποφαίνει
916 1888 996 1920 αὑτό
1018 1887 1066 1921 ὅτι
1089 1886 1205 1920 δίκαιόν
1221 1890 1284 1921 ἔστι
1307 1888 1360 1921 τὸν
1377 1887 1490 1930 ἀμείνω
1513 1889 1570 1921 τοῦ

185 1944 313 1985 χείρονος
330 1942 423 1973 πλέον
438 1941 516 1981 ἔχειν
532 1940 587 1972 καὶ
604 1942 658 1974 τόν
674 1940 879 1983 δυνατώτερον
895 1943 951 1973 τοῦ
967 1940 1351 1984 ἀδυνατωτέρουκ-Θόνφ
1368 1944 1431 1973 483
1447 1941 1485 1973 D.

230 1994 241 2009 ²
259 1995 353 2036 Gory.
372 1996 431 2025 481
450 1994 489 2027 D.

231 2050 242 2066 ³
258 2047 306 2079 De
333 2048 440 2088 Critia,
466 2045 601 2089 Sisyphi
626 2049 751 2078 auctore
774 2046 833 2080 vid.
859 2046 981 2080 Nauck.
1009 2046 1064 2078 loc.
1093 2046 1164 2087 cit.;
1197 2047 1408 2087 Wilamowitz,
1434 2046 1578 2079 Analect.

190 2100 306 2142 Eurip.
328 2103 396 2133 166.

233 2153 245 2169 ⁴
262 2153 354 2194 (lory.
373 2155 434 2184 515
452 2152 489 2183 Ε.

232 2205 244 2221 ⁵
260 2206 314 2238 καὶ
332 2207 348 2237 o‘
366 2207 499 2249 Κριτιάς
514 2204 602 2242 δῆλος
616 2205 673 2246 μὲν
689 2204 724 2242 ἦν
740 2205 794 2237 καὶ
814 2205 921 2237 πάλαι
942 2206 1080 2243 οὶνγωνιῖιν
1096 2204 1151 2236 καὶ
1178 2206 1350 2246 Φιλοτῖμως
1374 2205 1445 2249 πρός
1468 2218 1504 2238 τε
1526 2207 1582 2238 τὸν

192 2258 358 2302 Χαριιίδην
374 2259 428 2289 καὶ
451 2259 521 2301 πρὸς
542 2258 614 2295 τοὺς
637 2260 798 2301 παρόντας
820 2258 904 2297 ἔχων·
926 2259 1021 2298 μόγις
1035 2256 1058 2289 δ’
1078 2258 1187 2290 ἑαυτὸν
1202 2259 1231 2290 ἐν
1246 2259 1289 2298 τῷ
1302 2259 1424 2301 πρόσθεν
1439 2259 1580 2298 κατέχων

188 2315 261 2346 τότε
278 2314 334 2352 οὐχ
358 2310 415 2345 οἶος
438 2325 473 2344 τε
497 2312 617 2349 ἐγένετο
633 2325 660 2342 κ.
677 2325 707 2344 τ.
725 2319 754 2342 λ.
775 2310 902 2344 ΟΙιανηι.
922 2313 981 2344 162
999 2310 1032 2341 C.
1078 2311 1132 2342 καὶ
1151 2313 1166 2342 ὁ
1183 2311 1397 2355 Θρασύμαχος
1421 2311 1575 2349 πολλάκις

185 2368 242 2408 μὲν
258 2366 313 2398 καὶ
338 2365 563 2405 διαλεγομένων
586 2366 672 2405 imin
693 2364 820 2405 μεταξὺ
835 2364 925 2407 ὥρμα
948 2364 1244 2405 ἀντιλαμβάνεσθαι
1266 2367 1323 2398 τοῦ
1338 2366 1445 2405 mayn»,
1462 2365 1575 2398 ἔπειτα

190 2421 250 2452 ὑπό
277 2421 339 2452 τῶν
369 2418 636 2461 παρακαθημένων
663 2416 838 2450 διεκωλύετο
864 2418 1053 2458 βουλομένων
1079 2416 1240 2450 διακοῦσαι
1266 2419 1320 2451 τᾶν
1348 2419 1452 2457 λόγον·
1488 2421 1524 2456 ὡς
1549 2418 1580 2450 δὲ

191 2472 429 2513 διεπαυσάμεθα
445 2471 500 2503 καὶ
517 2473 576 2510 ἐγώ
592 2469 687 2504 ταῦτ’
705 2470 787 2503 εἶπον
803 2471 903 2503 οὐιέῑι
920 2471 1051 2511 ἡσυχῖαν
1067 2470 1149 2511 ἦγεν,
1166 2473 1258 2503 ἄλλα
1272 2472 1451 2514 συστρέψας
1466 2473 1577 2506 ἑαυτὸν

187 2526 294 2565 ὅσπερ
312 2527 408 2565 ermion
425 2526 493 2563 ἧκεν
509 2524 554 2563 ἐφ’
571 2525 655 2565 ἡμας
670 2526 706 2561 ὡς
720 2523 971 2564 διαρπασόμενᾱς.
1002 2524 1080 2565 Rep.
1099 2525 1124 2556 I.
1142 2527 1204 2557 336
1222 2525 1256 2556 B.

233 2579 245 2596 ⁶
263 2580 341 2611 Εἰπέ
363 2591 426 2620 μοι,
443 2578 466 2609 ὦ
490 2579 660 2622 Χαιρεφῶν,
678 2576 842 2620 σπουδάζει
865 2579 978 2611 ταῦτα
997 2577 1159 2620 Σωκράτης
1183 2575 1201 2615 ἢ
1226 2577 1344 2621 παῖζει;
1371 2580 1430 2609 481
1456 2578 1491 2610 B.
1535 2577 1581 2610 'ss

192 2634 349 2676 Σώκρατες
375 2631 468 2665 δοκεῖς
491 2645 545 2672 μοι
563 2630 759 2663 νεανιεύεσθαι
775 2632 804 2663 ἐν
819 2634 884 2668 τοῖς
899 2632 1003 2670 λόγοις
1018 2632 1054 2668 ὡς
1077 2632 1197 2668 οὶληθῶς
1223 2630 1391 2674 δημηγόρος
1405 2633 1451 2671 ὧν,
1468 2633 1529 2662 482
1547 2631 1579 2663 O.

194 2688 307 2720 Οὑτοσὶ
332 2685 408 2728 ἀνὴρ
431 2687 464 2717 οὔ
490 2684 648 2718 παύσεται
675 2685 830 2728 Φλνοιρῶν,
847 2687 909 2716 489
926 2684 961 2716 Β.
998 2681 1056 2717 Ὠς
1084 2686 1201 2721 ἄτοπος
1226 2683 1258 2725 εἷ,
1283 2683 1307 2716 ὦ
1331 2687 1497 2727 Emeum,
1524 2683 1579 2716 καὶ

191 2741 330 2781 ἀτεχνῶς
346 2738 522 2780 δημηγόρος.
540 2741 602 2770 494
618 2738 657 2770 D·
