1783 2968
872 250 922 287 41

204 355 453 395 Aristotelem
491 359 576 393 tum
614 353 717 405 apud
756 354 1075 394 Chamaeleonem
1112 367 1316 406 agnoscere
1353 353 1466 392 licet.¹
1534 356 1582 392 In

203 420 426 456 universum
448 422 575 455 tamen
596 417 769 455 historici
789 417 940 466 antiqui
959 422 1040 454 tam
1059 430 1188 456 severe
1204 418 1250 454 de
1271 416 1393 455 Critia
1408 417 1583 465 judicav-

203 480 551 518 erunt—videlicet
584 492 632 517 ne
665 479 924 517 Philostratus
953 479 1120 529 quidem,
1150 480 1326 529 quamvis
1355 479 1584 528 sapientiam

203 545 285 592 ejus
312 543 536 587 admiratus,
555 554 678 579 mores
697 542 915 591 vituperare
944 542 1188 579 omittit—ut
1215 542 1280 578 vix
1309 541 1361 578 sit
1388 541 1584 590 probabile

202 618 265 644 eos
284 606 325 643 in
345 604 524 655 operibus
543 604 828 643 conscribendis
848 603 1015 642 multum
1036 604 1177 642 Critiae
1197 616 1278 642 esse
1298 603 1467 641 confisos.

255 667 279 719 ξ
293 670 325 705 3.
340 668 450 705 Idem
458 667 639 712 Galenus,
648 667 715 716 qui
723 667 1035 719 Aphorismomm
1042 672 1081 704 et
1092 667 1141 704 H
1136 666 1352 704 omiliarum
1361 667 1584 703 memoriam

202 730 380 776 servavit,
400 729 511 768 testis
530 732 589 767 est
618 729 780 768 Critiam
806 729 982 768 libellum
1001 730 1056 767 De
1074 733 1218 767 natura
1237 729 1375 767 amoris
1393 728 1583 778 conserip-

202 793 319 831 sisse.²
390 793 528 841 Neque
566 792 706 830 mirum
744 797 813 838 est,
849 793 951 841 quod
995 792 1144 837 Critias,
1181 793 1248 841 qui
1290 792 1468 829 omnibus
1506 792 1583 829 fere

202 854 491 904 quaestionibus
524 854 572 891 ab
605 853 829 903 aequalibus
861 854 1016 904 agitatis
1051 857 1219 892 mentem
1251 854 1448 903 applicuit,
1481 866 1582 891 com-

200 916 477 954 mentationem
516 916 562 954 de
603 929 730 954 amore
774 917 1010 966 conscripsit.
1085 916 1160 954 Illa
1198 917 1302 954 euim
1345 920 1470 954 aetate
1508 917 1581 954 viri

199 978 376 1016 liberales
413 990 606 1016 sermones
647 978 695 1016 de
736 978 807 1016 hac
848 991 888 1016 re
931 978 1153 1028 saepissime
1198 979 1401 1024 habebant,
1438 982 1482 1016 ut
1521 979 1580 1016 vel

200 1041 367 1079 maxime
387 1054 435 1079 ex
458 1041 584 1079 aureis
612 1041 786 1079 Platonis
814 1041 976 1091 dialogis
995 1041 1164 1079 Phaedro
1183 1046 1222 1080 et
1252 1041 1426 1079 Convivia
1445 1041 1578 1079 elucet.

201 1104 302 1149 Quid
350 1104 490 1142 Critias
536 1104 583 1142 de
628 1117 755 1142 amore
803 1105 995 1142 censuerit
1040 1118 1087 1142 ex
1133 1105 1206 1142 1100
1250 1118 1328 1142 11110
1368 1106 1580 1155 fragmento

199 1179 276 1203 non
326 1165 460 1216 liquet.
534 1166 748 1204 Weberus3
793 1166 884 1204 olim
931 1179 1044 1205 versu
1090 1167 1157 1204 illo
1203 1167 1250 1205 de
1295 1167 1383 1205 sede
1428 1168 1579 1205 animae

199 1229 392 1279 deeeptus,
412 1241 528 1278 quem
548 1229 595 1267 ad
625 1229 785 1267 Critiam
805 1229 1049 1268 referendum
1069 1242 1150 1268 esse
1170 1230 1308 1268 statuit
1327 1230 1578 1275 existimavit,

199 1304 287 1329 eum
325 1296 371 1328 ut
409 1292 456 1330 de
485 1291 615 1329 anima
648 1292 704 1329 ita
731 1292 778 1329 de
805 1304 932 1330 amore
960 1292 1196 1330 hexametris
1223 1292 1351 1342 egisse.
1420 1292 1506 1338 Sed,
1535 1297 1579 1330 ut

198 1366 315 1403 supra
343 1354 601 1404 cognovimus,
629 1367 763 1392 versus
791 1354 856 1392 ille
886 1354 1028 1392 Critiae
1061 1354 1341 1404 abjudicandus
1374 1359 1455 1402 est;
1483 1367 1577 1404 qua-

198 1421 354 1465 propter
371 1417 535 1454 Webero
555 1417 753 1465 suffragari
782 1430 857 1454 non
876 1429 1041 1466 possum.
1098 1417 1226 1454 Multo
1252 1422 1312 1454 est
1331 1417 1577 1455 verisimilius

197 1477 269 1516 hoc
302 1490 398 1529 opus
430 1491 542 1529 prosa
576 1479 744 1517 oratione
777 1479 1036 1530 conscriptum
1069 1492 1158 1518 esse.
1227 1479 1371 1518 Eodem
1407 1480 1578 1526 fortasse,

193 1541 385 1590 judicium
405 1542 453 1579 de
467 1542 636 1579 virorum
656 1546 695 1580 et
714 1542 921 1580 mulierum
940 1543 1239 1592 pulchritudine,
1254 1555 1276 1582 a
1296 1543 1428 1581 Cassio
1448 1544 1575 1580 Dione

198 1608 402 1649 servatum,
431 1604 642 1653 pertinetz⁴
670 1617 792 1654 nuper
818 1608 949 1642 tamen
977 1604 1274 1642 Wilamowitzio
1303 1605 1450 1655 placuit
1477 1606 1576 1643 hanc

196 1666 428 1704 sententiam
441 1679 563 1704 unum
578 1679 624 1704 ex
637 1666 880 1716 Aphorismis
894 1669 999 1705 esse.⁵
1041 1668 1217 1705 Brevitas
1232 1672 1334 1706 certe
1351 1668 1575 1717 Aphorismi

196 1728 319 1765 indoli
338 1728 432 1766 satis
450 1733 539 1778 apte
557 1728 771 1779 respondet,
791 1733 1059 1779 argumentum
1078 1733 1212 1767 contra
1230 1742 1252 1767 a
1270 1729 1369 1767 libro
1388 1730 1573 1767 amatorio

195 1789 297 1829 haud
327 1790 496 1829 alienum
526 1794 603 1830 est:
645 1791 720 1838 sed,
749 1804 788 1830 re
816 1804 915 1838 vera,
943 1792 990 1830 de
1017 1791 1116 1830 libro
1145 1795 1306 1842 utroque
1339 1796 1418 1831 tam
1451 1805 1574 1843 pauca

196 1854 424 1903 accepimus,
443 1858 487 1891 ut
506 1854 768 1903 quaestionem
788 1855 854 1891 vix
872 1855 1081 1904 dijudicare
1099 1855 1300 1904 possimus.

236 1948 243 1965 ¹
262 1948 455 1991 Χαμαιλέων
477 1952 551 1989 ’γοῦν
574 1951 588 1983 ὅ
608 1947 829 1994 Ἠρακλεῶτης
851 1951 880 1982 ἐν
901 1951 946 1990 τῷ
970 1951 1206 1995 ἐπιγραφομένῳ
1229 1952 1451 1995 Heu-remma&
1476 1955 1576 1984 Λακε-

193 2000 364 2042 zama-tm
388 2002 459 2037 Φησὶ
484 2002 540 2035 καὶ
565 2004 723 2041 Θηβαίους
746 2003 876 2037 πάντας
895 2006 1000 2036 αὐλεῖν
1014 2004 1192 2044 μανθάνειν,
1208 2002 1441 2047 ’Ἡρακλεώτας
1454 2018 1490 2038 τε
1505 2006 1578 2042 τοὺς

193 2055 221 2087 ἐν
238 2056 348 2096 Πόντῳ
366 2056 436 2088 καθ’
453 2055 562 2091 ἔαυτόν
578 2055 634 2099 ἔτι,
650 2054 816 2093 Ἀθηναῐων
830 2069 866 2090 τε
888 2055 961 2094 τοὺς
984 2056 1255 2096 ἐπιφανεστάτους
1287 2057 1438 2090 Kanum
1463 2071 1499 2092 τε
1525 2059 1579 2092 τὸν

190 2107 374 2142 'lxxa-ineu
399 2109 455 2142 καὶ
485 2110 617 2154 Κριτῖαμ
644 2112 701 2145 τοῦ
728 2109 1122 2151 Καλλαῖσχρον.-Αί;11011.
1141 2110 1197 2145 IV.
1216 2113 1277 2144 184
1291 2110 1331 2144 D.

237 2162 285 2193 ²F
288 2172 311 2195 r.
330 2165 379 2195 16.

236 2216 247 2233 ³
262 2214 308 2247 cf.
326 2214 446 2257 Weber,
463 2214 512 2248 De
528 2214 633 2248 C'n'tia
652 2215 813 2259 Tyranno,
830 2218 868 2248 21
886 2215 991 2258 (Prog.
1008 2215 1097 2257 Gym.
1114 2215 1357 2251 Moeno-Franc.
1377 2217 1482 2260 1824).

235 2267 247 2284 ⁴
263 2268 314 2300 Fr.
334 2269 382 2302 17.
428 2269 473 2301 Of.
492 2269 588 2310 Bach,
604 2280 653 2311 op.
671 2270 722 2302 cit.
742 2272 811 2303 104.
984 2271 996 2288 ⁵
1012 2270 1059 2303 Cf.
1077 2270 1292 2311 Wilamowitz‚
1309 2270 1365 2303 loc.
1383 2272 1435 2304 cit.

1392 2323 1416 2350 E
