1783 2968
790 575 899 613 CAP.
933 575 1000 611 IV.

259 692 386 740 Caput
414 691 578 728 alterum
604 690 851 739 Hippocratis
870 689 959 726 libri
988 689 1102 737 primi
1121 689 1211 726 “De
1231 687 1374 726 Medici
1398 685 1587 737 Officina⁹¹

206 753 430 791 inscribitur
449 751 502 791 “A
533 755 591 791 καὶ
620 751 712 791 ἰδεῖν
738 755 796 790 καὶ
826 752 946 801 θιγεῖν
970 754 1026 789 καὶ
1057 750 1216 789 ἀκοῦσαί
1245 752 1330 794 ἐστι,
1353 749 1509 786 tertium
1533 745 1585 785 “A

207 818 264 853 καὶ
294 814 341 866 τῇ
361 814 522 863 ὄψει’καὶ
552 814 596 866 τῇ
625 813 707 866 ἇφῇ
738 816 796 852 καὶ
827 813 870 865 ιῇ
900 812 994 864 ἆκοῇ
1024 816 1079 851 καὶ
1109 813 1153 863 τῇ
1181 811 1258 863 ῥινὶ
1289 814 1347 850 καὶ
1376 811 1421 861 τῇ
1452 810 1587 860 γνώμῃ

207 879 307 915 ἐστιν
328 875 543 915 αἰσθέσθαιε
573 876 675 913 unde
704 879 862 925 apparet
890 875 1166 923 Hippocratem
1197 879 1357 923 utroque
1385 872 1510 921 capite
1540 871 1586 907 de

208 938 305 983 visu,
330 942 447 983 tactu,
467 938 603 975 auditu
631 938 760 987 egisse.
817 937 941 982 Quam
969 936 1236 985 repetitionem
1265 937 1585 973 commentatores

207 1001 358 1050 antiqui
377 1000 445 1038 alii
468 1000 543 1037 alia
561 1000 706 1038 ratione
727 999 917 1049 explicare
937 999 1190 1037 studuerunt:
1219 998 1330 1036 cardo
1349 997 1585 1048 quaestionis

207 1064 248 1101 in
277 1063 556 1114 significatione
585 1063 689 1101 vocis
718 1063 853 1115 γνώμῃ
882 1063 1113 1100 versabatur.
1169 1061 1341 1100 Galenus
1370 1061 1498 1112 igitur,
1518 1073 1583 1098 ex-

207 1128 327 1165 cussis
366 1127 538 1176 priorum
580 1127 792 1171 sententiis,
832 1127 943 1164 docet
984 1126 1261 1175 Hippocratem
1303 1138 1371 1174 pro
1410 1129 1584 1162 veterum

207 1189 437 1238 scriptorum
483 1189 758 1226 consuetudine
805 1188 904 1225 hanc
950 1201 1082 1226 vocem
1129 1188 1262 1225 eadem
1307 1186 1584 1237 significatione

209 1264 412 1301 usurpasse
426 1264 470 1289 ac
485 1250 641 1290 διάνοια.
682 1251 806 1296 Quem
819 1264 933 1289 usum
949 1251 1135 1300 exemplis
1151 1263 1171 1288 e
1187 1250 1317 1295 Critia,
1335 1249 1587 1303 Antiphonte‚

209 1314 377 1358 Platone,
398 1314 523 1363 Lysia,
544 1313 735 1351 Aeschine
767 1314 967 1358 Socratico,
987 1313 1180 1351 illustrare
1202 1313 1337 1362 pergit,
1357 1318 1472 1361 atque
1492 1312 1586 1349 haec

209 1376 255 1413 de
285 1376 406 1413 Critia
434 1376 612 1424 profert.¹
672 1378 825 1426 Κριτίας
852 1379 920 1424 μὲν
948 1377 988 1414 ἐν
1013 1376 1065 1426 τῷ
1093 1367 1472 1426 πρώτῳίἈφορισμῷ
1501 1373 1587 1413 τάδε

209 1439 349 1489 ’γράφει
367 1436 387 1448 “
398 1439 491 1485 μήτε
522 1436 544 1475 ἃ
573 1437 625 1488 τῷ
652 1437 763 1488 ἄλλῳ
783 1439 926 1486 σώματι
954 1438 1170 1477 αἰσθάνεται
1198 1439 1291 1485 μ’ἔιτε
1320 1436 1343 1475 ἃ
1372 1438 1417 1489 τῇ
1447 1437 1586 1488 γνώμῃ

208 1500 443 1551 ’γιγνώσκει”
472 1502 530 1538 καὶ
563 1500 679 1538 πάλιν
706 1498 727 1511 “
739 1500 1026 1552 γιγνώσκουσιν
1055 1501 1091 1539 οἱ
1131 1499 1328 1550 ἄνθρωποι
1356 1499 1387 1538 εἴ
1424 1515 1482 1544 τις
1520 1502 1587 1548 μὲν

209 1564 371 1614 ὑγιαίνει
387 1563 431 1615 τῇ
447 1562 615 1614 γνώμῃ“”
636 1565 694 1601 καὶ
707 1565 746 1601 ἐν
758 1561 942 1612 εΟμιλιῶν
958 1565 1125 1614 προτέρῳ
1140 1565 1196 1601 “ei
1213 1561 1245 1601 δ’
1258 1563 1372 1607 αὐτὸς
1385 1562 1587 1607 ἇσκὴσειας

210 1626 316 1670 ὅπως
350 1626 485 1677 ’γνώμῃ
516 1625 581 1677 (σῇ
610 1624 718 1677 ἕσῃ)’
745 1626 889 1672 ἰ’κανος,
917 1625 1049 1672 ἥκιστα
1079 1625 1125 1664 ἂν
1155 1625 1277 1670 οὕτως
1307 1625 1367 1664 ὑπ’
1395 1624 1511 1665 ἆυτοῦ
1540 1624 1587 1663 ἂν

210 1686 463 1733 ἆὸικηθείης”“
494 1691 552 1726 καὶ
591 1689 786 1733 πολλάκις
814 1691 853 1728 ἐν
882 1692 934 1740 τῷ
962 1690 1062 1740 αὐτῷ
1090 1692 1147 1727 καὶ
1177 1691 1216 1727 ἐν
1243 1692 1296 1739 τῷ
1329 1687 1484 1739 δευτέρῳ
1511 1690 1587 1726 τῶν

211 1750 371 1799 ὁμιλιῶν
392 1748 632 1801 ἁντιὸιαιρῶν
652 1751 851 1796 αἰσθήσεσι
871 1752 940 1797 τὴν
960 1752 1119 1802 γνώμην
1138 1751 1331 1796 πολλάκις
1351 1750 1502 1803 εἴρηκεν.

263 1812 378 1850 Unde
408 1812 579 1850 Galenus
607 1812 701 1851 haec
728 1813 901 1851 hauserit
928 1814 1120 1851 incertum
1148 1819 1229 1851 est:
1258 1814 1399 1851 conicit
1426 1813 1587 1850 Wilam-

210 1874 385 1912 owitzius
413 1874 670 1924 Iphicianum‚
691 1875 833 1913 Simiae
863 1875 982 1914 Stoici
1010 1876 1253 1926 discipulum,
1274 1889 1388 1926 quem
1418 1876 1587 1913 Galenus

211 1950 326 1987 supra
346 1941 618 1976 commemorat
636 1938 783 1977 fontem
802 1939 942 1979 fuisse:
971 1939 1071 1978 nihil
1098 1943 1228 1978 tamen
1248 1952 1383 1978 causae
1403 1939 1587 1978 habemus

213 2013 281 2038 cur
308 2000 420 2038 illum
447 2000 586 2046 locum,
604 2014 692 2038 cum
720 2002 793 2040 hoc
821 2015 937 2052 quem
963 2015 1067 2040 nunc
1095 2007 1313 2047 tractamus,
1333 2006 1587 2040 conectamus.

212 2063 314 2100 Fieri
347 2066 482 2112 potest,
516 2067 560 2101 ut
591 2063 675 2113 ipse
708 2064 880 2103 Galenus
914 2066 1056 2104 Critiae
1089 2078 1203 2115 opera
1234 2065 1466 2115 inspexerit:
1506 2065 1589 2114 ejus

212 2126 314 2163 enim
334 2130 460 2163 aetate
475 2126 548 2163 viri
568 2126 671 2164 docti
691 2139 869 2177 magnam
888 2141 1043 2178 operam
1063 2129 1104 2166 in
1125 2129 1285 2166 Critiam
1304 2128 1588 2177 impendebant.

213 2187 289 2226 Sed
316 2191 515 2237 utcunque
543 2188 637 2226 haec
665 2201 725 2228 res
744 2202 786 2228 se
804 2190 930 2236 habet,
950 2204 971 2229 e
989 2190 1174 2228 librorum
1202 2190 1327 2228 titulis
1352 2196 1391 2228 et
1419 2190 1590 2228 numeris

212 2250 396 2288 adhibitis
422 2249 558 2295 elucet,
585 2250 714 2289 locum
742 2252 816 2290 viri
848 2253 1070 2291 testimonio
1104 2253 1178 2290 niti
1211 2253 1273 2290 cui
1300 2252 1525 2304 Aphorismi
1552 2257 1592 2290 et

212 2313 404 2351 Homiziae
423 2313 623 2352 notissima
643 2314 810 2354 fuerunt.
865 2316 1019 2355 Primus
1038 2316 1104 2354 ille
1124 2316 1380 2366 Aphorismus
1399 2316 1448 2354 ad
1476 2316 1591 2354 ratio-

211 2386 300 2412 nem
338 2374 515 2424 pertinet,
544 2387 621 2424 qua
659 2375 834 2414 homines
873 2389 932 2415 res
971 2381 1211 2427 cognoscant,
1244 2380 1360 2426 atque
1400 2377 1592 2427 imprimis

211 2436 447 2487 cognitiones
493 2437 661 2476 externis
707 2438 883 2477 sensibus
925 2439 1073 2478 debitas
1116 2440 1178 2489 (τὰ
1222 2438 1401 2489 αἰσθητά)
1443 2440 1492 2478 ab
1535 2441 1590 2479 eis

254 2574 263 2591 ¹
279 2573 331 2606 Fr.
350 2575 398 2607 15.

254 2625 266 2642 ²
281 2626 343 2658 Hic
357 2628 529 2669 corruptela
552 2629 631 2661 latet
654 2639 747 2670 quam
770 2629 902 2663 editores
916 2631 970 2662 alii
992 2631 1053 2662 alia
1077 2631 1196 2663 ratione
1211 2631 1375 2664 emendare
1390 2633 1586 2666 studuerunt.

206 2679 307 2720 ,BasiL
320 2679 429 2723 γνώμῃ
443 2682 495 2724 σῇς
511 2682 649 2716 Charter.
667 2682 774 2725 γνώμη
791 2683 823 2726 ᾖς
839 2684 949 2717 Kiihn.
967 2683 1074 2725 ’γνώμῃ
1092 2683 1123 2726 Δι7;
1139 2685 1214 2717 Post
1231 2686 1317 2725 ὅπως,
1334 2685 1383 2729 ἔσῃ
1399 2687 1593 2720 scribendum

212 2736 273 2772 est3
296 2734 321 2765 si
338 2734 373 2777 σῇ
387 2734 437 2777 ἔσῃ
452 2735 613 2767 scribimus
629 2736 718 2769 facile
732 2740 863 2778 apparet
879 2748 939 2779 quo
955 2739 1044 2770 modo
1060 2739 1110 2781 ἔσῃ
1125 2739 1282 2772 exciderit.
