1783 2968
935 230 986 267 44

267 337 536 386 unusquisque
567 337 613 375 de
646 338 760 375 rebus
791 349 860 374 suo
891 335 1044 385 ingenio
1075 335 1175 384 aptis
1206 335 1374 373 disserat.
1444 334 1554 381 Quod
1589 334 1652 372 hic

268 400 422 449 majoris
443 403 500 438 est
528 400 716 438 momenti
737 399 919 450 quoniam
949 398 1089 436 Critias
1111 398 1237 435 verbis
1256 397 1445 447 expressis
1475 396 1653 435 laudatur

267 467 452 511 tanquam
469 475 607 509 rerum,
623 476 720 513 quae
738 464 777 500 in
801 462 947 500 Timaeo
963 466 1001 499 et
1028 461 1151 499 Oricia
1167 461 1361 510 agitantur
1377 460 1654 510 peritissimus.¹

269 525 353 569 Quo
381 525 530 573 judicio
564 525 685 570 Plato,
714 526 913 569 rationem,
943 537 1019 573 qua
1053 524 1192 561 Critias
1224 523 1502 572 rempublicam
1534 523 1653 572 gessit

266 587 424 625 laudare
457 588 617 626 minime
651 588 785 625 voluit.
853 587 948 633 Quis
980 586 1083 624 euim
1117 586 1247 623 credat
1279 598 1368 623 eum
1400 590 1652 635 tyrannorum

267 650 480 699 principem
520 650 763 702 Reipublicae
801 651 1049 699 interpretem
1089 648 1362 686 constituisse?
1428 647 1558 685 Multo
1595 652 1653 686 est

267 712 518 751 verisimilius
542 714 713 751 fabulam
742 713 958 752 Atlantidis
989 712 1131 750 Critiae
1162 724 1252 761 prae
1283 711 1418 749 ceteris
1450 711 1653 749 Socraticis

266 779 468 825 propterea
488 777 731 814 commissam
754 789 847 821 esse,
866 775 968 825 quod
997 774 1157 813 Politiae
1176 775 1258 824 ejus
1287 773 1460 812 Platonis
1490 773 1651 824 Reipub-

266 836 360 875 licae
381 838 493 887 quasi
514 839 635 876 facem
658 838 920 888 praetulerint.
979 838 1052 875 Sed
1081 838 1119 873 in
1142 837 1326 874 memoria
1354 836 1563 873 tenendum
1585 840 1653 880 est,

265 900 438 949 singulas
458 901 682 946 sententias,
695 901 845 950 quaein
871 901 990 938 Oricia
1007 900 1263 949 proferuntur,
1276 899 1350 948 ipsi
1367 898 1520 936 Platoni
1535 898 1652 948 assig-

264 962 414 1000 nandas
434 975 537 1001 esse:
568 976 656 1000 nam
677 976 765 1001 cum
786 963 826 1000 in
854 962 1001 1001 Timaeo
1020 966 1104 1000 tum
1124 962 1164 999 in
1192 961 1314 1000 Oricia
1334 960 1536 1010 loquentes
1555 960 1651 998 meri

266 1025 440 1064 Platonis
468 1026 696 1076 interpretes
726 1030 826 1064 sunt.
885 1026 1126 1076 Quapropter
1146 1025 1249 1075 quod
1279 1024 1437 1063 materia
1467 1023 1608 1075 dialogi
1627 1037 1646 1062 e

264 1088 531 1127 vetustissima
546 1089 846 1128 Atheniensium
868 1089 1028 1127 historia
1047 1089 1169 1138 petita
1189 1092 1256 1133 est,
1272 1087 1362 1126 inde
1378 1099 1457 1125 non
1478 1088 1652 1137 sequitur

267 1150 410 1189 Critiae
426 1150 584 1190 Politias
604 1151 650 1189 de
670 1152 971 1201 antiquitatibus
992 1150 1290 1189 Atheniensium
1311 1150 1439 1200 egisse.
1496 1150 1652 1188 Etenim

266 1213 348 1261 ipse
369 1213 482 1250 Plato
502 1214 703 1263 profitetur
722 1227 761 1251 se
781 1214 979 1251 materiem
1000 1213 1249 1262 imperfectae
1270 1212 1421 1250 Solonis
1441 1212 1594 1249 fabulae
1614 1217 1652 1250 et

265 1274 508 1312 sacerdotum
541 1275 823 1325 Aegyptiorum
857 1275 1096 1313 sermonibus
1130 1274 1312 1312 debere:²
1352 1287 1428 1323 qua
1460 1286 1500 1311 re
1535 1274 1650 1312 nixus

266 1336 460 1374 Christius
493 1337 632 1374 statuit
664 1336 880 1375 Atlantidis
914 1337 1083 1374 fabulam
1116 1337 1302 1386 originem
1336 1349 1357 1374 a
1390 1340 1651 1381 monumento,

264 1411 366 1436 anno
403 1399 541 1437 salutis
577 1400 689 1444 1868,
723 1400 827 1449 apud
864 1400 911 1437 El
949 1400 1110 1437 Karnak
1147 1404 1306 1449 reperto,
1340 1398 1523 1437 duxisse.3
1577 1399 1651 1436 Sed

264 1467 453 1512 utumque
484 1462 579 1500 haec
612 1476 671 1500 res
704 1475 744 1500 se
776 1463 893 1501 habet
921 1462 1020 1500 nihil
1048 1475 1183 1500 causae
1217 1467 1275 1500 est
1308 1475 1376 1500 cur
1409 1462 1649 1512 suspicemur

263 1526 465 1562 materiem
485 1525 627 1575 dialogi
646 1538 668 1563 a
689 1525 832 1563 Critiae
853 1525 1005 1563 Politiis
1025 1525 1251 1563 translatam
1272 1538 1361 1563 esse.

314 1587 418 1632 Quot
445 1587 624 1624 civitates
653 1587 794 1625 Critias
824 1588 1046 1625 tractaverit
1074 1600 1152 1624 non
1172 1587 1304 1636 liquet.
1354 1586 1451 1624 Inde
1472 1599 1494 1624 a
1514 1587 1649 1624 Bachii

261 1649 429 1687 editione
484 1649 659 1699 plerique
716 1649 962 1687 crediderunt
1017 1662 1105 1688 eum
1164 1649 1443 1687 Atheniensem
1497 1662 1649 1698 quoque

260 1711 538 1760 rempublicam
559 1711 742 1761 tetigisse.
798 1711 995 1756 Attamen,
1015 1712 1073 1749 uti
1097 1724 1212 1761 supra
1231 1712 1490 1761 cognovimus,
1510 1712 1581 1749 hoc
1602 1725 1648 1749 ex

261 1774 499 1824 argumentis
519 1787 541 1811 a
562 1773 706 1812 Bachio
726 1773 853 1811 allatis
874 1787 950 1811 non
971 1773 1154 1823 sequitur.
1203 1774 1276 1812 Cui
1301 1774 1356 1812 rei
1377 1773 1475 1811 illud
1500 1774 1649 1812 accedit

260 1837 362 1886 quod
384 1850 431 1874 ne
452 1849 530 1874 una
549 1836 706 1885 quidem
728 1837 873 1873 mentio
902 1836 1017 1885 hujus
1044 1836 1168 1874 libelli
1196 1837 1298 1886 apud
1327 1837 1529 1886 scriptores
1549 1838 1648 1874 anti-

257 1912 353 1949 quos
381 1899 591 1948 reperitur:
620 1898 722 1936 unde
751 1898 876 1936 elucet
904 1898 1090 1944 libellum,
1109 1899 1142 1937 si
1161 1911 1333 1949 unquam
1362 1899 1554 1937 exstiterit
1581 1903 1649 1937 aut

257 1975 348 1999 mox
376 1967 463 2011 post
483 1962 625 1999 Critiae
656 1967 818 1999 mortem
848 1962 1003 2011 periisse
1032 1968 1100 1999 aut
1128 1962 1168 1999 in
1202 1962 1436 1999 oblivionem
1456 1962 1648 2000 cecidisse.

255 2025 459 2062 Praeterea
474 2024 627 2062 etiamsi
643 2036 872 2073 poneremus
888 2024 1049 2061 Critiam
1066 2023 1346 2075 Rempablicam
1364 2022 1647 2063 Atheniensium

256 2088 453 2137 scripsisse
492 2100 539 2125 ex
577 2087 643 2132 eis,
672 2099 770 2136 quae
808 2099 922 2136 supra
959 2087 1254 2136 disputavimus,
1283 2091 1507 2137 sequeretur
1543 2086 1647 2125 hunc

253 2149 430 2187 libellum
469 2149 517 2187 ad
565 2155 778 2188 ceterarum
820 2148 1042 2187 Politiarum
1078 2149 1376 2188 similitudinem
1425 2149 1646 2200 philosophi

255 2212 454 2261 ingenium
493 2212 711 2256 redoluisse,
740 2224 865 2261 neque
898 2212 1009 2250 tritas
1047 2212 1135 2250 illas
1172 2212 1385 2250 calumnias
1422 2212 1644 2262 amplexum

254 2287 347 2319 esse,
375 2287 470 2324 quas
503 2275 543 2312 iu
572 2273 758 2312 Homiliz's
784 2274 1031 2324 repperimus.
1089 2276 1269 2313 Ceterum
1302 2288 1390 2313 cum
1425 2275 1498 2312 viri
1531 2275 1644 2320 docti,

255 2338 433 2374 arbitrati
463 2337 623 2375 Critiam
653 2336 933 2388 Rempublz'cam
956 2338 1235 2376 Atheniensium
1264 2350 1341 2374 non
1369 2337 1424 2375 ita
1453 2338 1644 2375 diversam

253 2413 275 2437 a
306 2400 748 2449 Pseudo-Xenophontis
773 2405 812 2437 et
842 2399 1063 2438 Aristotelis
1093 2399 1237 2438 libellis
1266 2399 1474 2450 scripsisse,
1501 2401 1643 2438 multas

299 2540 304 2556 ¹
324 2538 458 2581 ngrlw
474 2535 504 2569 δὲ
527 2550 587 2569 που
603 2537 718 2571 πάντες
742 2540 770 2570 οἱ
790 2536 859 2580 τῇδ’
885 2538 970 2579 ἴσμεν
986 2536 1094 2572 οὐδενὸς
1112 2536 1231 2573 ἰδιώτην
1247 2539 1325 2573 ὄντα
1347 2538 1385 2570 ὧν
1400 2538 1543 2580 λέγομεν,
1560 2538 1642 2573 Plat.

259 2590 342 2624 Tim.
360 2592 402 2623 20
417 2589 455 2623 A.

295 2646 306 2662 '·'
320 2644 405 2684 Ἐγώ
422 2644 527 2689 φράσω
544 2645 684 2678 παλαιοὶ,
701 2643 838 2683 ἀκηκοώς
852 2646 946 2684 λόγον
963 2647 996 2678 οὔ
1011 2644 1077 2677 νέον
1093 2641 1198 2684 ἀνδρὸς
1213 2659 1241 2677 κ.
1251 2658 1283 2679 τ.
1294 2652 1324 2677 λ.
1339 2645 1421 2679 Plat.
1442 2642 1524 2679 Tim.
1538 2647 1577 2676 21
1592 2644 1630 2678 A.

296 2699 308 2718 ⁸
324 2697 370 2729 Cf.
403 2697 518 2738 Christ,
549 2697 758 2730 Platonisclze
788 2697 927 2730 Studien
956 2698 1126 2740 (Abhandl.
1155 2698 1210 2731 der
1239 2698 1435 2740 Bayerschen
1461 2697 1640 2740 Akademie,

254 2752 346 2791 1886,
363 2750 445 2791 507).
