1783 2968
849 226 899 263 30

176 331 242 369 ille
263 331 405 369 Critiae
426 330 706 379 abjudicandus
726 333 793 376 est,
814 330 1030 380 Philopono
1050 335 1180 368 tamen
1199 330 1343 381 gratias
1362 329 1561 375 debemus,

181 394 324 443 quippe
345 394 411 442 qui
439 405 630 430 summam
659 393 803 430 Critiae
831 392 1106 442 disputationis
1135 393 1428 430 conservaverit.
1485 393 1570 437 Quo

184 456 282 493 libro
299 455 441 493 Critias
456 455 503 493 de
519 455 649 493 anima
663 455 783 505 egerit
801 468 957 505 prorsus
972 458 1031 493 est
1049 455 1257 493 incertum:
1276 455 1318 492 in
1332 455 1572 504 Aphorismis

184 523 285 556 certe
323 523 362 555 et
398 518 584 556 Hominis
620 517 888 568 philosophiae
921 518 1166 568 quaestiones
1204 517 1343 567 tetigit,
1381 517 1447 555 sed
1489 516 1573 555 fieri

187 584 313 630 potest
332 584 376 618 ut
395 580 629 631 peculiarem
649 580 1014 618 commentationem
1034 579 1080 618 de
1101 580 1172 618 hac
1191 592 1231 618 re
1250 580 1446 630 scripserit

239 644 439 690 Quomodo
460 657 593 690 sermo,
614 657 729 694 quem
752 644 892 682 Critias
912 644 953 681 in
972 644 1152 693 operibus
1172 644 1414 694 pedestribus
1434 656 1573 692 usurp-

187 708 278 753 avit,
308 721 396 746 cum
430 709 595 759 Gorgiae
629 709 831 747 cohaereat
863 709 1041 759 sequenti
1074 709 1200 758 capite
1229 709 1469 746 videbimus:
1511 708 1574 745 hic

185 776 316 809 tamen
337 784 461 821 pauca
480 785 500 809 e
521 772 756 810 carminibus
776 772 971 810 afferenda
999 776 1101 818 sunt,
1121 785 1220 821 quae
1248 772 1290 809 in
1318 771 1458 810 Dielsii
1486 784 1572 809 sen-

186 835 351 871 tentiam
386 835 531 884 optime
565 835 810 872 conveniunt.
868 836 1030 872 Constat
1058 835 1162 872 enim
1189 834 1434 884 Empedoclis
1462 846 1576 883 opera

187 897 423 946 metaphoris
451 896 663 935 audaeibus
692 901 730 935 et
758 897 993 935 dictionibus
1014 897 1126 935 valde
1155 897 1316 947 poeticis
1336 895 1574 942 abundasse,1

186 973 206 997 e
226 960 368 1008 quibus
388 960 619 997 Aristoteles
639 973 761 997 unum
781 965 820 997 et
847 961 1013 998 alterum
1033 965 1316 1004 commemorat,
1338 960 1396 996 uti
1424 958 1575 1007 δυσμὰς

186 1022 280 1068 βίου
307 1035 376 1071 pro
405 1025 650 1060 senectutez²
678 1023 838 1072 Gorgias
858 1035 1011 1072 quoque
1040 1022 1230 1072 ejusmodi
1258 1022 1577 1060 translationibus

188 1086 411 1135 saepissime
432 1098 526 1123 usus
546 1090 612 1123 est.
670 1086 850 1124 Ceterum
870 1085 970 1123 illud
994 1085 1138 1124 Critiae
1157 1085 1278 1124 ὕπνον
1296 1087 1373 1123 τῶν
1392 1083 1578 1133 καμάτων

190 1148 332 1197 λιμένα
366 1148 499 1187 eodem
532 1148 677 1186 tendit:
717 1148 819 1186 idem
853 1161 957 1187 more
989 1149 1244 1199 Empedoclis,
1278 1149 1578 1186 conformatione

189 1212 356 1261 quadam
388 1224 446 1249 res
477 1211 670 1248 inanimas
701 1215 887 1260 tanquam
909 1211 1017 1249 vivas
1048 1215 1198 1257 tractat,
1219 1212 1277 1249 uti
1306 1210 1512 1260 πλάστυγξ
1541 1210 1576 1249 θ’

188 1275 210 1322 ἡ
241 1277 396 1326 χαλκοῦ
415 1272 587 1325 θυγάτηρ
607 1278 646 1312 eb
665 1272 731 1313 τὸν
750 1272 790 1312 δὲ
809 1273 955 1326 τρόχου
972 1274 1085 1324 «γαίης
1115 1291 1157 1313 τε
1186 1274 1347 1324 καμίνου
1366 1278 1408 1313 τὲ
1426 1273 1580 1324 ἔκγονον

190 1336 276 1389 εὗρε
309 1337 559 1376 κλείνοτατον
590 1336 768 1389 κέραμον.
826 1338 875 1375 In
908 1338 1130 1388 compositis
1163 1351 1317 1388 quoque
1348 1338 1578 1376 affinitatem

190 1402 367 1450 detegere
396 1401 497 1445 licet,
517 1413 634 1450 quam
656 1401 796 1439 Critias
825 1414 913 1438 cum
944 1402 1086 1451 Gorgia
1105 1406 1144 1438 et
1170 1400 1403 1450 Empedocle
1432 1401 1577 1439 habuit.

190 1465 424 1513 Fragmenta
462 1463 566 1500 enim
605 1464 823 1513 perexigua,
857 1476 955 1512 quae
992 1467 1210 1512 supersunt,
1243 1464 1367 1501 multa
1404 1463 1576 1512 epitheta

192 1526 405 1570 continent,
426 1538 448 1563 a
467 1525 575 1563 nullo
594 1525 670 1563 alio
698 1529 810 1575 poeta
839 1529 1033 1575 usurpata,
1053 1526 1112 1563 uti
1138 1523 1334 1577 Ὑράμματ’
1354 1525 1578 1575 ἀλεξίλογα·

189 1587 412 1641 οἰκοτριβὴς
440 1586 604 1633 δαπάνη·
639 1590 874 1636 συμποσίων
893 1587 1076 1640 ἐρέθισμα
1102 1590 1294 1638 «γυναικῶν
1322 1587 1579 1640 ἠπερόπευμα·

193 1652 496 1704 φιλοβάρβιτος·
539 1651 608 1701 νὺξ
642 1650 871 1703 αἰολόχρως·
915 1650 1158 1694 ὠκυπλάνοις
1198 1650 1401 1704 πτερύγων
1436 1652 1579 1704 ῥιπαῖς.

196 1717 303 1763 Quae
337 1716 468 1754 omnia
500 1715 560 1752 illi
593 1715 756 1765 Gorgiae
789 1717 1082 1767 πτωχόμουσος
1110 1716 1234 1765 κόλαξ
1265 1722 1304 1754 et
1336 1715 1582 1765 Empedoclis

195 1780 433 1816 dictionibus
471 1791 492 1815 a
530 1778 679 1816 Dielsio
712 1778 898 1828 adlegatis
931 1779 986 1815 ita
1023 1779 1265 1828 respondent,
1298 1782 1342 1815 ut
1378 1778 1438 1816 his
1471 1778 1581 1815 novis

195 1841 432 1891 argumentis
478 1841 640 1878 conexio
684 1841 941 1886 confirmetur,
980 1854 1097 1889 quam
1142 1841 1206 1878 hic
1242 1841 1301 1878 vir
1338 1841 1582 1879 doctissimus

193 1906 294 1942 inter
313 1903 585 1952 Empedoclem
606 1907 644 1941 et
664 1904 845 1953 Gorgiam
865 1903 1062 1940 exstitisse
1083 1903 1212 1940 credit.

238 2013 245 2030 ¹
264 2011 292 2042 ἐν
308 2010 351 2049 τῷ
369 2008 434 2051 περὶ
453 2010 596 2044 Ποιητῶν
614 2015 701 2047 Φησιν
716 2008 771 2050 (sc.
793 2007 1011 2050 Αριστοτέλης)
1026 2007 1074 2041 ὅτι
1091 2008 1144 2040 καὶ
1157 2007 1322 2052 Ὀμηρικός
1338 2010 1353 2040 ο”
1367 2007 1584 2049 Ἐμπεδοκλῆς

196 2064 249 2095 καὶ
275 2063 363 2096 δεινός
388 2061 453 2104 περὶ
478 2062 535 2099 τὴν
552 2062 663 2102 Φρόσιν
680 2063 797 2103 γέγονε,
810 2062 1022 2105 μεταφορικός
1040 2059 1069 2094 τ’
1087 2062 1125 2093 ὧν
1140 2062 1195 2094 καὶ
1214 2065 1275 2096 τοῖς
1292 2064 1403 2096 ἄλλοις
1428 2065 1492 2096 τοῖς
1517 2062 1581 2106 περὶ

195 2116 357 2153 ποιητικὴν
373 2114 586 2157 ἐπιτεύγμασι
600 2115 757 2159 χρώμενος,
774 2116 863 2156 Diog.
881 2115 983 2147 Laert.
1003 2115 1077 2148 VII.
1095 2116 1145 2148 57.

238 2169 249 2186 ²
263 2171 394 2203 Aristot.
412 2169 500 2203 Poet.
521 2171 612 2210 1457,
629 2170 656 2201 b.
676 2172 725 2203 24.
