1783 2968
871 259 918 296 28

197 361 413 408 sententiis,
427 365 513 399 tum
532 362 573 399 in
594 374 779 408 sermone,
795 363 1040 412 Empedoclis
1056 362 1228 412 vestigiis
1249 363 1463 412 ingressum
1479 360 1588 400 esse.¹

203 424 310 469 Quae
339 437 428 461 cum
457 424 512 461 ita
542 425 620 462 sint
648 424 761 462 valde
790 429 849 462 est
876 425 1096 470 verisimile,
1124 438 1168 462 ea
1196 438 1293 474 quae
1334 425 1474 462 Critias
1503 437 1591 461 cum

202 486 435 536 Empedocle
456 487 677 525 communia
705 487 833 533 habet,
853 488 902 526 ad
931 488 1095 538 Gorgiae
1119 488 1364 538 disciplinam
1393 487 1591 526 referenda

196 561 293 586 esse.

253 611 451 660 Imprimis
497 616 590 649 nota
634 612 702 650 illa
750 613 941 651 sententia
978 613 1024 651 de
1068 613 1218 650 animae
1255 613 1343 651 sede
1390 612 1591 650 tractanda

199 676 281 710 est.⁹
335 674 565 711 Aristoteles
585 674 845 723 philosophos,
860 676 927 724 qui
947 680 1035 712 ante
1055 675 1177 723 ipsius
1197 678 1361 712 aetatem
1381 675 1422 711 in
1438 675 1590 711 animae

199 738 379 773 naturam
406 736 706 786 inquisiverunt,
726 737 767 774 in
796 741 918 774 sectas
939 737 1034 774 duas
1055 737 1206 782 dividit,
1227 749 1389 786 quarum
1408 736 1529 775 altera
1548 736 1589 773 in

202 801 319 841 motu,
340 798 470 843 altera,
491 799 587 836 duce
616 799 858 848 Empedocle,
886 799 927 836 in
961 800 1177 848 cognitione
1210 800 1407 849 proprium
1439 799 1591 836 animae

199 859 369 897 officium
408 865 628 909 posuerunt.
696 861 846 898 Ibidem
891 861 1055 898 traditur
1092 861 1253 899 Critiam
1289 861 1380 898 huic
1417 861 1592 909 opinioni

200 922 463 971 suffragatum,
484 923 664 961 statuisse
692 923 858 961 animam
890 924 930 960 in
959 923 1145 973 sanguine
1171 924 1285 961 sitam
1308 936 1398 961 esse.
1453 923 1590 972 Neque

200 985 349 1034 primus
378 986 477 1023 hanc
502 986 734 1023 sententiam
762 986 956 1035 professus
981 989 1059 1024 est:
1089 986 1222 1036 Hippo
1249 986 1352 1024 enim
1368 986 1449 1035 jam
1478 989 1590 1023 antea

199 1051 332 1084 eontra
351 1060 415 1085 eos
435 1048 660 1097 disputavit,
681 1048 821 1097 quibus
849 1048 996 1097 placuit
1014 1049 1164 1085 animae
1184 1048 1315 1086 sedem
1343 1048 1383 1084 in
1403 1047 1589 1096 sanguine

198 1121 289 1146 esse.
346 1109 509 1146 Necnon
538 1109 622 1147 fieri
657 1113 784 1159 potest
816 1114 861 1147 ut
892 1110 1088 1160 Hipponis
1121 1110 1361 1148 adversarius
1389 1110 1471 1159 ipse
1499 1109 1590 1147 Em-

194 1171 370 1220 pedocles
391 1172 517 1217 fuerit,
533 1172 611 1221 qui,
624 1175 720 1210 teste
736 1171 1012 1222 Theophrasto,
1028 1174 1177 1211 animae
1194 1173 1323 1211 sedem
1341 1173 1381 1209 in
1398 1172 1587 1222 sanguine

196 1234 333 1282 posuit.
404 1234 542 1283 Itaque
580 1247 600 1271 e
643 1234 960 1283 locupletissimis
999 1236 1220 1273 Aristotelis
1258 1239 1296 1273 et
1333 1235 1589 1284 Theophrasti

197 1296 626 1345 testimoniis—quibus
638 1297 713 1334 alia
726 1309 878 1346 quoque
887 1297 1253 1335 accedunt-elucet
1266 1303 1304 1335 et
1317 1297 1588 1347 Empedoclem

197 1362 235 1394 et
256 1358 415 1395 Critiam
437 1358 537 1396 hanc
556 1359 790 1397 sententiam
809 1360 998 1409 professos
1018 1373 1108 1399 esse.

250 1420 483 1470 Ceteroquin
521 1421 568 1458 de
604 1422 732 1459 verbis
769 1423 980 1471 ambigitur
1017 1423 1158 1472 quibus
1196 1428 1357 1472 uterque
1394 1435 1487 1460 usus
1527 1423 1589 1460 sit.

198 1483 341 1520 Versus
361 1483 465 1520 enim
484 1482 582 1532 αἷμα
599 1482 675 1536 ’γὰρ
703 1483 921 1536 ἀνθρώποις
948 1484 1196 1537 περικάρδιόν
1222 1489 1307 1524 ἐστι
1326 1485 1458 1534 νόημα,
1478 1485 1589 1522 modo

196 1545 340 1583 Critiae
368 1546 481 1583 modo
511 1547 738 1596 Empedocli
766 1548 960 1585 tribuitur.
1005 1549 1191 1587 Stobaeus
1219 1550 1311 1587 haec
1331 1562 1353 1585 a
1373 1548 1587 1597 Porphyrio

194 1608 433 1657 deprompta
448 1609 612 1657 profert:
652 1609 920 1658 Ἐμπεδοκλῆς
949 1626 991 1648 τε
1020 1610 1120 1649 οὕτω
1153 1610 1329 1662 φαίνεται
1355 1609 1404 1651 ὥς
1427 1609 1589 1661 ὀργάνου

194 1668 292 1721 πρὸς
320 1669 478 1709 σύνεσιν
505 1672 573 1709 τοῦ
605 1672 765 1720 αἵματος
798 1672 906 1714 ὄντος
937 1671 1076 1722 λέγειν·
1110 1673 1271 1723 αἵματος
1299 1674 1339 1712 ὲν
1365 1672 1589 1722 πελάγεσσι

193 1732 439 1784 τεθραμμένη
477 1733 755 1785 ἀντιθὸροντος,
792 1736 839 1784 τῇ
876 1751 919 1773 τε
957 1735 1080 1782 νόημα
1114 1739 1293 1785 μάλιστα
1334 1736 1587 1774 κυκλίσκεται

192 1794 469 1847 ἀνθρώποισιν·
511 1794 608 1844 αἷμα
652 1797 728 1848 «γὰρ
768 1796 985 1849 ἀνθρώποις·
1031 1797 1281 1851 περικάρδιόν
1328 1803 1414 1837 ἐστι
1450 1797 1584 1848 νόημα.

195 1858 324 1895 Simili
373 1859 486 1895 modo
536 1859 758 1897 Chalcidius
802 1866 820 1879 “
833 1861 1063 1910 Empedocles
1075 1862 1093 1876 ''
1142 1862 1272 1911 inquit
1309 1862 1585 1911 “principalem

194 1921 344 1958 animae
372 1922 447 1958 vim
472 1923 663 1958 constituit
691 1923 735 1958 in
760 1923 873 1968 corde,
891 1925 943 1960 sic
962 1925 1107 1961 dicens:
1135 1924 1325 1974 Sanguine
1350 1925 1470 1962 cordis
1489 1926 1585 1962 enim

192 1991 313 2021 noster
331 1985 426 2033 viqet
455 1984 667 2021 intellectus.
727 1985 988 2024 Tertullianus
1009 2000 1163 2036 quoque
1183 1992 1201 2007 “
1222 1987 1361 2036 Orphei
1379 1988 1434 2025 vel
1452 1988 1585 2036 Empe-

193 2046 338 2083 docli3’'
366 2058 519 2084 versum
548 2046 682 2084 laudat
704 2052 893 2097 “namque
919 2049 1064 2087 homini
1090 2051 1246 2099 sanyuis
1272 2050 1588 2088 circumcordialis

192 2113 242 2145 est
260 2108 436 2157 sensus;''
465 2108 569 2146 unde
589 2110 765 2157 sequitur
784 2123 871 2147 eum
900 2111 993 2148 haec
1018 2112 1136 2149 verba
1163 2112 1305 2150 Critiae
1337 2111 1585 2161 abjudicasse.

194 2170 303 2208 Idem
325 2175 455 2209 tamen
476 2170 569 2208 alibi
598 2175 763 2209 testatur
788 2172 887 2210 hanc
913 2174 1145 2212 sententiam
1171 2179 1210 2212 et
1229 2175 1276 2212 ab
1296 2174 1527 2224 Empedocle
1547 2179 1586 2212 et

193 2247 215 2271 a
244 2234 366 2271 Critia
394 2246 615 2283 expressam
644 2247 736 2279 esse,
755 2236 857 2273 unde
887 2236 1011 2274 elucet
1031 2237 1107 2274 alia
1136 2238 1278 2275 Critiae
1306 2238 1431 2282 verba,
1452 2237 1583 2275 eodem

190 2296 403 2340 tendentia,
423 2295 666 2333 Tertulliano
693 2301 784 2334 nota
812 2297 940 2343 fuisse,
961 2298 1037 2336 nisi
1066 2299 1165 2337 forte
1190 2298 1326 2348 quinto
1355 2299 1480 2349 capite
1508 2300 1584 2337 alio

192 2358 299 2396 fonte
328 2371 421 2396 usus
450 2358 511 2403 sit,
531 2370 575 2396 ac
604 2359 741 2407 quinto
770 2359 927 2397 decimo.
986 2361 1098 2406 Quod
1126 2361 1175 2398 ad
1205 2361 1404 2411 Orpheum
1432 2362 1585 2405 attinet,

191 2421 442 2458 statuendum
462 2425 530 2465 est,
551 2425 619 2458 aut
638 2421 1008 2471 Pseudo-Orpheum
1028 2424 1273 2473 Empedoclis
1293 2425 1461 2461 carmina
1480 2437 1581 2462 com-

189 2483 342 2533 pilasse,
362 2489 430 2521 aut
456 2484 585 2533 ipsum
606 2484 887 2522 Tertullianum
910 2486 1025 2523 verba
1045 2499 1091 2523 ex
1113 2487 1296 2524 memoria
1315 2500 1451 2536 parum
1471 2500 1580 2525 accu-

190 2550 273 2584 rate
293 2546 499 2597 adlegasse.

426 2704 436 2723 ¹
453 2697 548 2730 Diels.
567 2698 715 2731 Berichte
729 2698 786 2730 der
802 2698 952 2731 Ber-liner
967 2699 1150 2741 Akademie,
1169 2703 1260 2741 1884,
1277 2703 1348 2734 343.

424 2752 435 2768 ²
451 2750 497 2782 Cf.
519 2750 597 2784 Text.
616 2751 694 2783 Ant.
712 2751 768 2783 IV.
787 2754 877 2784 1—12.
