1783 2968
854 212 904 247 24

179 316 360 365 Denique
380 319 557 353 narratur
578 315 748 360 Critiam,
762 319 917 364 propter
930 316 1168 365 Euthydemi
1183 328 1361 359 amorem,
1376 330 1399 354 a
1415 317 1570 355 Socrate

180 378 317 416 merito
337 378 568 428 castigatum
595 377 778 427 magist-ro
798 378 999 415 inimicum
1021 379 1166 416 factum
1186 377 1293 416 esse.1
1341 378 1452 424 Quod
1480 391 1568 417 cum

179 441 499 479 antecedentibus
553 440 662 478 nullo
718 441 830 478 modo
885 442 1066 491 conjungi
1121 447 1248 491 potest
1263 456 1272 489 ;
1337 445 1570 492 quapropter

180 504 382 541 Krohnius
403 516 479 540 non
500 504 582 540 sine
598 504 698 552 juris
724 505 850 553 specie
876 505 1014 542 statuit
1033 505 1133 542 hanc
1161 504 1298 542 saltem
1326 504 1566 542 narationem

179 567 451 617 interpolatam
480 579 571 604 esse.
628 566 675 603 Id
708 568 878 617 profecto
906 568 1152 617 perspicuum
1181 572 1240 606 est
1267 567 1367 605 nihil
1395 567 1489 605 certi
1521 581 1569 605 cx

180 630 335 667 indiciis
362 633 441 666 tam
465 629 658 679 ambiguis
689 630 868 667 concludi
899 642 1031 679 posse:
1059 630 1190 679 potius
1220 630 1471 668 statuendum
1501 635 1569 675 est,

181 693 342 731 Critiam
360 696 565 742 postquam
581 705 736 731 auream
755 692 862 730 illam
874 693 1132 742 juventutem,
1148 705 1171 730 a
1190 693 1350 731 Platone
1365 693 1570 742 depictam,

180 757 221 793 in
252 756 391 793 intima
419 755 588 793 Socratis
608 755 873 793 familiaritate
902 756 1015 805 degit,
1035 755 1145 793 novis
1173 756 1312 793 studiis
1340 759 1378 793 et
1397 754 1569 805 >negotiis

181 818 385 868 paullatim
441 818 649 862 irretitum,
700 818 872 865 magistri
921 830 1114 855 sermones
1165 817 1311 855 minore
1367 817 1569 867 diligentia

181 882 446 931 frequentasse
465 884 504 918 et
522 880 681 918 tandem
701 893 854 929 prorsus
875 880 1097 929 neglexisse.
1496 915 1514 929 ,,

234 944 259 995 ξ
282 945 314 980 2.
336 944 375 980 N
380 956 453 980 nnc
480 943 528 980 ad
559 943 822 992 quaestionem
851 943 973 980 multo
1004 944 1157 993 majoris
1188 944 1376 981 momenti
1403 943 1570 981 transire

180 1010 340 1056 oportet,
374 1019 450 1055 quo
482 1006 569 1055 jure
608 1005 772 1043 Cronius
808 1006 997 1052 statuerit,
1036 1006 1196 1044 Critiam
1233 1007 1273 1044 in
1320 1006 1463 1055 Goryia
1503 1018 1572 1056 per

183 1069 355 1107 Calliclis
385 1069 491 1106 illius
523 1081 725 1117 personam
755 1070 1055 1118 repraesentari.²
1112 1070 1187 1106 Hic
1218 1070 1331 1114 enim,
1359 1070 1571 1106 arbitratus

183 1130 382 1169 Calliclem
417 1131 580 1180 majores
618 1130 809 1168 sustinere
848 1135 985 1180 partes,
1016 1144 1131 1181 quam
1165 1144 1263 1181 quae
1299 1131 1379 1169 viro
1416 1143 1570 1181 prorsus

181 1195 312 1244 ignoto
341 1198 452 1243 aptae
481 1194 572 1238 sint,
602 1193 677 1231 sibi
706 1195 897 1243 persuasit
930 1207 1070 1232 nomen
1101 1195 1272 1232 Calliclis
1302 1196 1437 1232 fictum
1467 1208 1571 1241 esse;

181 1257 285 1293 idem
305 1256 525 1293 observavit
556 1256 901 1305 Chaerephontem,
921 1261 965 1293 ut
992 1257 1032 1293 in
1056 1257 1265 1294 Charmidea
1284 1257 1340 1294 ita
1360 1257 1401 1294 in
1422 1257 1569 1306 Gorqia,

183 1320 378 1357 Socratem
417 1319 603 1363 comitari,
631 1319 733 1356 unde
778 1319 943 1368 conjecit
981 1319 1141 1356 Critiam
1180 1331 1333 1369 quoque
1369 1319 1571 1368 utriusque

183 1381 325 1429 dialogi
358 1381 587 1430 participem
617 1393 698 1418 esse
728 1381 873 1418 debere.
941 1381 1080 1430 Itaque
1107 1394 1192 1418 cum
1225 1381 1405 1419 Callicles
1437 1381 1569 1418 eodem

183 1443 259 1481 fere
275 1443 388 1480 modo
403 1442 568 1480 sermoni
585 1455 625 1480 se
639 1443 865 1488 immisceat,
880 1455 956 1492 quo
972 1443 1111 1481 Critias
1127 1443 1168 1479 in
1186 1443 1403 1488 Charmidai,
1415 1447 1569 1480 senten-

183 1507 334 1555 tiasque
359 1506 479 1543 simili
506 1506 640 1543 ardore
659 1509 697 1543 et
716 1505 960 1544 vehementia
981 1505 1172 1550 defendat,
1194 1506 1356 1544 Cronius
1385 1518 1429 1543 eo
1448 1518 1570 1555 usque

183 1569 369 1620 pervenit,
383 1573 426 1606 ut
439 1572 595 1618 putaret
611 1568 812 1606 Calliclem
825 1581 902 1606 non
916 1569 1036 1605 alium
1048 1581 1165 1618 quam
1179 1569 1338 1606 Critiam
1350 1581 1568 1617 repraesen-

184 1638 275 1671 tare.
316 1633 439 1677 Quam
461 1636 505 1670 ut
524 1632 698 1670 stabiliat
717 1632 948 1682 opinionem,
968 1632 1121 1670 indiciis
1142 1645 1217 1669 non
1237 1645 1259 1669 a
1279 1632 1439 1669 Platone
1460 1632 1570 1669 modo

185 1696 251 1732 sed
268 1695 384 1732 etiam
400 1707 423 1731 a
438 1695 697 1743 Xenophonte
714 1695 855 1743 petitis,
872 1695 1045 1731 evincere
1061 1694 1201 1738 studet,
1218 1694 1386 1731 Calliclis
1402 1693 1568 1731 indolem

186 1770 273 1794 cum
306 1757 449 1794 Critiae
479 1769 694 1806 congruere.
751 1757 941 1805 Denique,
962 1769 1048 1793 cum
1080 1756 1177 1793 ratio
1205 1756 1398 1794 reddenda
1423 1756 1484 1800 sit,
1503 1769 1571 1794 cur

186 1821 298 1858 Plato
330 1819 519 1868 ejusmodi
551 1819 713 1856 artificio
750 1831 843 1856 usus
875 1819 935 1864 sit,
962 1819 1177 1868 respondet,
1205 1831 1292 1856 eum
1325 1831 1402 1856 non
1434 1818 1570 1868 pietati

187 1884 445 1933 obsequutum
476 1895 568 1927 esse,
588 1895 703 1932 quam
735 1883 817 1932 ipse
847 1882 888 1919 in
919 1885 1123 1931 cognatum
1154 1881 1324 1926 coluerit,
1351 1881 1417 1919 sed
1449 1881 1570 1931 magis

186 1946 441 1984 verecundiae
469 1946 756 1983 cuidam—eine
771 1947 917 1994 gewissr:
944 1945 1375 1993 Schicklichkeit—quae
1404 1944 1570 1993 philoso-

185 2009 305 2059 phurn
324 2009 501 2054 vetuerit,
513 2008 736 2046 memoriam
753 2008 827 2045 viri
843 2021 965 2058 nuper
979 2008 1121 2045 mortui
1141 2020 1289 2053 vexare,
1301 2019 1569 2057 personaeque,

186 2072 236 2110 ad
255 2072 352 2109 vitia
371 2071 502 2109 civilia
521 2072 745 2122 castiganda
764 2072 956 2115 inductae,
975 2071 1146 2120 ejusdem
1165 2071 1332 2108 hominis
1352 2082 1491 2108 nomen
1510 2070 1569 2107 in-

184 2135 284 2180 dere,
305 2135 415 2184 cujus
444 2135 644 2184 ingenium
672 2147 759 2172 cum
787 2134 828 2171 in
851 2133 1067 2179 Charmida,
1087 2137 1169 2171 tum
1191 2134 1230 2171 in
1252 2133 1387 2171 ceteris
1407 2132 1569 2182 dialogis

185 2211 262 2235 non
281 2198 364 2235 sine
384 2197 498 2235 laude
518 2197 749 2246 depingitur.

238 2261 341 2305 Quid
369 2260 463 2297 haec
492 2260 723 2297 verecundia
752 2260 826 2297 sibi
855 2259 949 2297 velit
976 2260 1112 2297 nescio.
1181 2258 1302 2296 Nulla
1329 2258 1434 2296 enim
1464 2270 1568 2296 vere-

182 2324 324 2361 cundia
352 2323 547 2373 Polycrati
575 2327 614 2361 et
634 2323 884 2372 Xenophonti
913 2323 1103 2372 persuasit
1130 2325 1174 2360 ut
1193 2322 1336 2360 Critiae
1365 2321 1568 2359 memoriae

183 2391 411 2435 parcerent;
451 2398 576 2433 neque
616 2390 776 2435 apparet
814 2395 884 2422 cur·
913 2385 1023 2422 Plato
1060 2385 1147 2434 plus
1175 2384 1428 2422 verecundiae
1461 2384 1569 2421 attri-

185 2449 312 2486 buerit
345 2461 464 2498 quam
495 2449 642 2498 pietati.
699 2448 930 2497 Ceteroquin
963 2452 1165 2497 propterea
1189 2447 1231 2484 in
1259 2447 1393 2484 limine
1421 2446 1569 2491 haereo,

182 2511 284 2560 quod
305 2524 352 2549 ne
372 2525 494 2549 unum
511 2511 669 2562 quidem
684 2511 878 2560 dialogum
894 2511 1090 2556 habemus,
1106 2510 1172 2548 ubi
1191 2514 1342 2548 constat
1367 2509 1568 2547 Platonem

179 2574 228 2613 ad
257 2575 447 2624 ejusmodi
476 2575 670 2613 fictionem
699 2574 926 2624 confugisse.
982 2573 1165 2624 Exceptis
1193 2573 1296 2612 enim
1325 2573 1391 2618 eis,
1409 2573 1478 2623 qui
1509 2573 1569 2610 uti

224 2684 229 2700 ¹
247 2681 327 2712 Xen.
346 2680 440 2714 Mem.
459 2680 484 2712 Ι.
502 2683 532 2722 2,
550 2681 588 2722 ἕξ
606 2682 720 2713 29-31.
767 2680 813 2712 Cf.
832 2680 952 2721 Krohn,
969 2679 1117 2711 Sokrates
1132 2679 1202 2711 und
1215 2678 1400 2721 Xenophon,
1414 2679 1469 2712 loc.
1487 2678 1540 2711 cit.

220 2735 231 2752 ²
246 2733 336 2765 Cron.
364 2732 515 2775 Beitra'qe
529 2743 586 2764 zur
601 2732 791 2775 Erklciruny
806 2732 859 2765 des
867 2732 1092 2775 platonisclaen
1111 2732 1253 2774 Goryias,
1269 2742 1320 2774 pp.
1339 2734 1428 2766 1-25.
