1783 2968
890 226 938 263 25

222 335 357 372 Eleata
384 333 425 370 in
454 331 629 380 Sophista
659 335 698 368 et
727 330 882 367 Politico
912 329 1238 378 Atheniensisque
1271 330 1310 366 in
1341 330 1494 378 Laeqibus
1523 330 1605 367 sine

222 397 377 435 nomine
405 395 628 443 loquuntur,
646 405 831 442 personae
860 392 1096 441 dialogorum
1127 404 1278 441 semper
1298 393 1454 429 nomina
1476 393 1603 430 serunt

222 473 270 497 ex
302 457 464 495 historia
492 469 589 505 quae
623 459 752 505 aperte
784 455 908 504 petita
940 459 1031 492 sunt
1064 455 1125 492 vel
1155 460 1318 503 possunt
1350 455 1472 503 petita
1504 468 1606 492 esse:

222 532 357 570 neque,
376 519 522 568 opinor,
542 517 653 555 Plato
684 517 778 555 adeo
810 529 924 555 sensu
944 516 1096 555 carebat
1126 521 1171 554 ut
1199 517 1301 554 inter
1332 517 1488 554 nomina
1515 529 1606 554 vera

222 584 358 620 fictum
391 581 519 619 subito
552 581 793 629 interjiceret.
852 580 963 625 Quod
995 580 1028 617 si
1060 579 1133 617 hoc
1162 592 1237 616 uno
1267 579 1416 629 dialogo
1445 580 1607 624 fecisset,

226 645 292 681 vix
326 643 409 681 fieri
440 644 639 692 potuisset,
672 648 716 680 ut
754 655 813 680 res
852 647 933 679 tam
967 642 1083 692 digna
1111 642 1471 680 commemoratione
1504 654 1605 679 com-

222 710 454 745 mentatores
483 718 615 743 omnes
644 706 801 755 fugeret.
857 706 1037 755 Denique
1070 705 1170 742 nihil
1202 705 1243 742 in
1274 706 1412 755 Gor-qia
1440 705 1605 755 reperire

221 769 341 819 potui,
362 768 466 817 quod
497 768 695 806 Calliclem
714 780 737 805 a
756 769 890 806 ceteris
910 768 1084 805 Platonis
1102 768 1274 817 personis
1300 768 1354 805 ita
1381 768 1604 817 distinguat.

222 832 349 881 Pagus
365 830 470 868 enim
485 830 587 868 unde
603 835 708 868 ortus
725 830 1308 880 est—Acharnae—adlegatu1·;
1328 830 1442 867 amici
1455 831 1604 867 nomin-

223 894 318 930 atim
337 897 606 930 recensentur:
633 898 678 930 ut
698 894 813 930 verbo
833 893 970 937 dicam,
990 893 1119 930 onmia
1147 893 1289 930 indicia
1317 893 1444 937 habet,
1463 893 1604 941 quibus

221 956 317 994 civis
338 956 598 1001 Atheniensis,
618 956 790 993 Platonis
821 955 1046 1005 aequalibus
1074 956 1168 993 satis
1196 960 1321 1001 notus,
1340 955 1603 1005 agnoscendus

221 1019 281 1056 sit.

273 1081 438 1118 Minime
450 1082 491 1118 in
505 1094 548 1119 eo
560 1081 750 1119 offendere
757 1081 940 1119 debemus
952 1081 1054 1131 quod
1068 1094 1143 1118 uno
1155 1084 1306 1118 tant-um
1320 1081 1418 1118 libro
1431 1080 1602 1119 Calliclis

222 1144 366 1181 mentio
394 1145 446 1182 fit.
502 1145 607 1182 Num
636 1144 746 1182 nobis
771 1145 960 1193 juvenum
989 1145 1161 1182 omnium
1194 1145 1351 1182 nomina
1379 1147 1470 1182 nota
1498 1149 1601 1189 sunt,

222 1207 290 1255 qui
323 1207 503 1256 Gorgiam
532 1211 570 1245 et
604 1208 798 1245 Socratem
824 1220 1007 1256 umquam
1042 1207 1295 1244 audiverunt?
1350 1207 1491 1244 Nonne
1517 1207 1600 1244 fieri

222 1273 358 1317 potest,
378 1273 423 1306 ut
442 1269 635 1319 permulti,
656 1282 743 1307 cum
768 1270 809 1306 in
829 1270 964 1307 ceteris
989 1269 1144 1318 proeliis
1173 1272 1257 1306 tum
1282 1270 1324 1306 in
1343 1269 1451 1307 clade
1471 1269 1600 1306 Sicula

220 1331 445 1381 interempti
472 1346 519 1370 ex
548 1333 749 1370 hominum
777 1332 959 1369 memoria
977 1332 1217 1369 exciderint?
1272 1332 1420 1381 Neque,
1439 1345 1479 1369 re
1499 1344 1597 1376 vera,

222 1394 303 1430 viro
318 1394 461 1444 insigni
479 1407 575 1444 opus
589 1398 648 1432 est
666 1394 714 1431 ad
734 1394 903 1431 Calliclis
923 1398 1050 1442 partes
1065 1393 1317 1431 sustinendas.
1359 1394 1462 1430 Nam
1477 1393 1517 1429 in
1534 1393 1601 1438 eis,

219 1467 317 1504 quae
343 1469 433 1494 cum
461 1456 614 1494 Socrate
642 1456 689 1494 de
708 1456 852 1494 virtute
880 1456 987 1494 civili
1015 1456 1197 1506 disputat,
1217 1468 1294 1493 non
1322 1468 1424 1493 unus
1443 1459 1597 1494 tantum

219 1517 343 1564 homo,
356 1519 423 1556 sed
438 1518 557 1568 magis
571 1522 697 1556 totum
710 1530 831 1567 genus
845 1517 1126 1555 moderatorum
1138 1517 1370 1567 reipublicae
1381 1518 1598 1556 Athenien-

220 1579 321 1617 sium
341 1580 573 1631 castigatur:
601 1584 834 1631 quapropter
864 1579 1033 1618 Calliclis
1060 1580 1227 1618 officium
1247 1579 1395 1617 homini
1414 1580 1599 1618 mediocri

218 1644 427 1681 rectissime
446 1643 661 1688 mandatur,
673 1655 748 1692 quo
768 1654 876 1680 mens
890 1643 1041 1680 lectoris
1056 1643 1103 1680 ab
1122 1643 1205 1691 ipso
1218 1642 1415 1680 laudatore
1434 1643 1476 1679 in
1495 1644 1597 1682 viros

218 1717 314 1753 quos
350 1705 485 1743 laudat
520 1709 773 1743 convertatur.
842 1705 947 1750 Quae
984 1717 1071 1741 cum
1114 1705 1168 1741 ita
1204 1705 1293 1749 sint,
1325 1704 1424 1741 nihil
1461 1717 1597 1743 causae

219 1767 404 1806 habemus
424 1780 492 1805 cur
510 1768 750 1818 suspicemur
766 1767 962 1805 Calliclem
982 1767 1110 1804 fictam
1126 1779 1206 1805 esse
1226 1780 1442 1816 personam:
1471 1781 1597 1817 neque

219 1831 329 1868 novis
343 1831 578 1880 argumentis
593 1843 688 1880 opus
704 1834 771 1876 est,
784 1831 831 1868 ad
852 1830 1007 1880 Bergkii
1026 1831 1283 1879 conjecturam
1306 1843 1328 1867 a
1347 1830 1597 1868 Duemmlero

218 1894 503 1943 comprobatam
523 1893 782 1940 refellendam,
803 1906 900 1944 quae
920 1893 1135 1932 Chariclem
1154 1893 1225 1931 sub
1245 1892 1416 1931 Calliclis
1434 1906 1596 1943 persona

217 1956 372 2005 agnosci
386 1956 523 2006 jubet.¹

270 2019 456 2058 Attamen
489 2019 641 2058 etiamsi
673 2020 857 2059 Cronium
884 2020 1082 2070 hucusque
1110 2019 1218 2069 sequi
1250 2018 1439 2065 volumus,
1471 2019 1595 2057 multa

219 2085 348 2120 tamen
378 2096 447 2121 nos
475 2083 678 2128 deterrent,
706 2096 755 2121 ne
783 2082 981 2121 credamus
1010 2082 1207 2120 Calliclem
1240 2081 1402 2119 Critiam
1429 2082 1593 2119 alterum

217 2145 345 2183 fuisse.
402 2146 558 2184 Etenim
574 2159 662 2184 cum
681 2159 728 2184 ex
748 2146 1064 2184 antecedentibus
1083 2149 1166 2183 tum
1185 2158 1205 2183 e
1224 2144 1317 2190 loco,
1331 2144 1400 2182 ubi
1419 2145 1594 2183 Socrates

217 2208 341 2245 fatum
375 2221 487 2246 suum
525 2209 735 2258 praedicit‚²
768 2213 928 2258 apparet
967 2209 1123 2257 Goryiae
1155 2208 1593 2257 cardinem-quantum

215 2270 263 2308 ad
293 2271 491 2309 Calliclem
519 2271 781 2321 pertinet—in
801 2272 906 2310 vitiis
925 2271 1168 2322 popularium
1188 2270 1419 2321 castigandis
1437 2272 1594 2316 versari,

213 2333 269 2371 ita
297 2337 341 2371 ut
369 2334 547 2372 Callicles
577 2335 743 2373 Socratis
771 2338 1037 2372 accusatorum
1065 2347 1218 2372 causam
1245 2337 1342 2383 agat.
1409 2333 1485 2371 Sed
1512 2347 1588 2383 quo

215 2396 338 2442 modo,
366 2409 517 2447 quaeso,
546 2396 657 2435 Plato
685 2397 754 2434 has
782 2400 909 2446 partes
938 2396 1080 2435 Critiae
1108 2396 1288 2433 mandare
1316 2396 1494 2445 potuerit,
1523 2397 1591 2446 qui

215 2458 486 2498 democratiam
499 2459 674 2497 funditus
687 2459 840 2504 delevit,
852 2459 1188 2509 popularibusque,
1200 2458 1267 2509 qui
1278 2458 1412 2497 mortis
1425 2459 1593 2497 Socratis

213 2527 386 2561 auctores
423 2522 592 2568 fuerunt,
624 2522 886 2560 odiosissimus
919 2522 1003 2560 fuit.
1065 2522 1215 2560 Deinde
1249 2521 1593 2561 Callicles—licet

214 2584 339 2635 legem
369 2584 511 2636 (νόμος)
540 2598 562 2623 a
589 2590 727 2623 natura
755 2585 906 2637 (φύσις)
927 2586 1115 2635 sejungat,
1136 2585 1454 2635 tyrannicamque
1483 2586 1592 2624 illam

426 2683 433 2699 ¹
450 2679 561 2720 Bergk.
581 2679 634 2714 Gr.
651 2679 716 2713 Ia't.
735 2679 790 2712 IV.
807 2682 870 2713 446
884 2692 891 2719 ;
914 2679 1086 2721 Diimmler‚
1104 2679 1312 2720 Akademika,
1329 2680 1378 2713 71.

424 2735 436 2752 ²
452 2733 544 2776 Gorq.
561 2736 621 2766 521
640 2733 760 2768 0:522
777 2734 813 2766 E.
