1783 2968
763 571 1191 609 FRAGMENTA.

833 665 876 700 A.
907 664 1119 702 Πολιτείαι.

662 753 730 800 (α.)
759 751 1069 801 Λακεδαιμονίων
1097 752 1293 791 Πολιτεία.

340 832 406 880 (1.)
441 830 603 882 Κριτίας
629 831 782 881 γράφει·

333 894 535 946 ’Άρχομαι
562 891 602 930 δέ
629 907 688 930 τοι
717 890 793 930 ἀπὸ
819 894 970 941 γενετῆς
998 891 1202 944 ἀνθρώπου
1221 894 1306 937 πῶς
1325 891 1372 930 ἂν
1384 891 1597 939 βέλτιστος
1617 891 1660 929 τὸ

289 959 405 1005 σῶμα
440 955 587 1004 γένοιτο
620 954 684 992 καὶ
722 953 986 1006 ἰσχυρότατος,
1019 953 1053 992 εἰ
1084 954 1103 992 ὁ
1137 957 1309 1005 φυτεύων
1338 954 1567 1003 γυμνάζοιτο
1596 954 1661 991 καὶ

287 1019 411 1057 ἐσθίοι
440 1018 662 1069 ε’ῤῥωμένως
689 1016 754 1054 καὶ
781 1017 1049 1068 ταλαιπωροίη
1077 1017 1120 1055 τὸ
1149 1018 1273 1067 σῶμα,
1298 1018 1359 1055 καὶ
1389 1018 1413 1065 ἡ
1439 1017 1567 1066 μήτηρ
1597 1019 1664 1055 τοῦ

286 1081 442 1120 παιδίου
460 1083 529 1119 τοῦ
547 1079 758 1129 μέλλοντος
785 1079 945 1117 ἔσεσθαι
974 1078 1104 1131 ἰσχύοι
1132 1078 1174 1117 τὸ
1193 1081 1307 1128 σῶμα
1335 1079 1399 1117 καὶ
1416 1081 1657 1128 γυμνάζοιτο.

841 1143 944 1179 Olem.
965 1143 1069 1179 Alex.
1091 1142 1220 1180 Strom.
1241 1143 1309 1180 VI.
1332 1156 1364 1192 p.
1387 1144 1474 1187 264,
1495 1143 1598 1191 Sylb.

339 1227 408 1277 (2.)
439 1225 544 1278 Πρὸς
576 1225 640 1267 οὓς
673 1223 827 1263 λεκτέον
854 1225 913 1263 ὅτι
944 1225 1081 1276 τρόποι
1113 1224 1189 1263 εἰσι
1220 1223 1372 1263 πόσεων
1399 1224 1499 1263 κατὰ
1526 1224 1662 1265 πόλεις

286 1289 385 1340 ἴδιοι,
406 1289 456 1331 ὡς
486 1288 647 1340 Κριτίας
666 1287 909 1340 παρίστησιν
928 1287 967 1326 ἐν
985 1289 1031 1337 τῇ
1051 1288 1361 1337 Λακεδαιμονίων
1381 1288 1572 1339 Πολιτειᾳ
1599 1286 1661 1325 δια

287 1352 444 1392 τούτων·

338 1415 356 1454 ὁ
389 1415 459 1465 μὲν
492 1416 586 1456 Χῖος
613 1414 677 1453 καὶ
706 1414 855 1456 Θάσιος
887 1415 929 1452 ἐκ
954 1414 1138 1464 μεγάλων
1169 1414 1337 1453 κυλίκων
1368 1412 1550 1462 ἐπιδέξια,
1579 1412 1598 1451 ὁ
1628 1412 1659 1451 δ’

286 1477 465 1520 Ἀττικὸς
480 1478 522 1516 ἐκ
539 1479 686 1531 μικρῶν
700 1477 881 1527 ἐπιδέξια,
898 1476 917 1516 ὁ
938 1478 978 1516 δὲ
997 1476 1234 1518 Θετταλικὸς
1253 1477 1464 1526 ἐκπώματα
1482 1479 1661 1528 προπίνει

285 1542 361 1593 ὅτῳ
393 1541 440 1580 ἂν
467 1541 693 1589 βούλωνται
724 1541 889 1590 μεγάλα.
954 1540 1244 1590 Λακεδαιμόνιοι
1272 1539 1312 1578 δὲ
1339 1539 1408 1588 τὴν
1435 1541 1526 1591 παρ’
1555 1539 1662 1591 αὑτῷ

285 1605 445 1646 ἕκαστος
474 1604 586 1647 πίνει,
608 1603 627 1642 ὁ
647 1604 687 1642 δὲ
705 1606 797 1645 παῖς
826 1604 991 1655 οἰνοχοεῖ
1017 1604 1109 1642 ὅσον
1137 1603 1184 1642 ἂν
1214 1603 1566 1653 ἀποπι’ῃ.--Αί]ιεη.
1589 1603 1658 1640 XI.

283 1670 358 1705 463
380 1669 420 1706 E.
442 1669 480 1705 F.
538 1668 594 1704 Cf.
613 1668 707 1705 Poet.
731 1668 814 1714 Lyso:
838 1667 961 1704 Graec.
983 1668 1034 1704 II.
1056 1668 1139 1703 280.
1196 1667 1253 1703 Fr.
1276 1667 1307 1703 2.

339 1756 352 1805 (
356 1756 407 1803 3.)
437 1754 600 1807 Κριτίας
619 1754 658 1792 ἐν
676 1753 988 1803 Λακεδαιμονίων
1006 1755 1195 1806 Πολιτειᾳ
1211 1754 1352 1806 γράφει
1372 1753 1503 1794 οὕτως.

338 1818 470 1870 Χωρὶς
497 1817 537 1856 δὲ
565 1817 710 1857 τούτων
741 1818 790 1857 τὰ
822 1817 1063 1870 σμικρότατα
1091 1818 1126 1859 ἐς
1158 1817 1227 1866 τὴν
1254 1817 1403 1856 δίαιταν
1431 1816 1661 1866 ὑποδήματα

285 1881 441 1933 ἄριστα·
508 1879 718 1919 Λακωνικὰ
755 1880 888 1931 ἱμάτια
924 1883 1054 1932 φορεῖν
1091 1879 1230 1928 ἥδιστα
1265 1879 1329 1917 καὶ
1364 1879 1660 1932 χρησιμώτατα·

284 1945 421 1984 κώθων
457 1943 682 1986 Λακωνικὸς
718 1943 882 1994 ἔκπωμα
918 1943 1228 1992 ἐπιτηδειότατον
1264 1943 1315 1985 εἰς
1352 1943 1560 1995 στρατείαν
1596 1945 1661 1983 καὶ

285 2008 553 2060 εὐφορώτατον
572 2008 611 2046 ἐν
623 2007 759 2057 γυλίῳ·
779 2007 822 2045 οὗ
837 2008 877 2046 δὲ
891 2007 999 2046 ἕνεκα
1018 2008 1284 2059 στρατιωτικῷ
1301 2006 1492 2047 πολλάκις
1513 2007 1660 2056 ἀνάγκη

285 2069 387 2123 ὕδωρ
415 2070 538 2109 πίνειν
556 2070 600 2109 οὐ
627 2069 806 2123 καθαρὸν·
840 2072 994 2123 πρῶτον
1010 2070 1080 2120 μὲν
1098 2069 1163 2109 οὖν
1182 2069 1225 2109 τὸ
1251 2069 1304 2119 μὴ
1330 2069 1421 2108 λίαν
1439 2068 1661 2118 κατάδηλον

284 2132 380 2172 εἶναι
411 2133 454 2172 τὸ
487 2133 607 2183 πόμα,
628 2131 712 2171 εἶτα
743 2133 930 2182 ἄμβωνας
962 2132 981 2171 ὁ
1014 2133 1148 2172 κώθων
1177 2132 1280 2185 ἔχων
1310 2131 1514 2171 ὑπολείπει
1542 2133 1586 2171 τὸ
1616 2134 1660 2171 οὐ

284 2195 454 2248 καθαρὸν
472 2195 512 2234 ἐν
530 2195 836 2247 αὐτῷ-ΑίῘιεπ.
857 2197 926 2234 XI.
947 2196 1022 2233 483
1045 2197 1084 2234 B.

335 2280 404 2328 (4.)
433 2278 491 2316 Τὰ
519 2278 711 2331 πρόχειρα
737 2281 813 2318 τῶν
832 2281 979 2318 σκευῶν
997 2279 1061 2317 καὶ
1089 2279 1277 2328 ἀναγκαῖα
1303 2281 1438 2329 ταῦτα,
1458 2282 1659 2331 κλιντῆρες

283 2341 347 2380 καὶ
362 2341 491 2394 δίφροι
505 2341 569 2380 καὶ
583 2343 779 2393 τράπεζαι,
790 2341 986 2389 βέλτιστα
1000 2343 1091 2395 παρ’
1106 2341 1233 2383 αὐτοῖς
1246 2342 1311 2392 (So.
1326 2340 1658 2391 Λακεδαιμονίοις)

281 2405 577 2457 ἐδημιουργεῖτο,
606 2405 671 2444 καὶ
699 2405 834 2444 κώθων
853 2404 872 2443 ὁ
892 2404 1114 2447 Λακωνικὸς
1141 2405 1328 2452 εὐδοκίμει
1354 2405 1534 2454 μάλιστα
1561 2405 1657 2457 πρὸς

277 2466 346 2509 τὰς
375 2466 582 2520 στρατέιας
611 2466 660 2509 ὥς
690 2470 788 2519 φησι
826 2467 1000 2520 Κριτίας·
1040 2469 1089 2507 τὰ
1119 2467 1195 2520 γὰρ
1226 2467 1441 2517 ἀναγκαίως
1472 2467 1658 2517 πινόμενα

282 2532 358 2569 τῶν
386 2530 535 2570 ὑδάτων
562 2530 627 2569 καὶ
659 2530 915 2570 δυσωποῦντα
947 2530 1016 2579 τὴν
1043 2531 1140 2583 ὄψιν
1167 2531 1434 2583 ἀπεκρύπτετο
1466 2532 1514 2582 τῇ
1543 2531 1657 2584 χρόᾳ,

284 2592 349 2631 καὶ
376 2595 445 2632 τοῦ
473 2593 635 2646 θολεροῦ
661 2592 979 2646 προσκόπτοντος
1011 2593 1115 2649 ἐντος
1142 2597 1203 2633 καὶ
1232 2593 1550 2647 προσισχομένου
1581 2598 1660 2637 τοῖς

284 2655 460 2706 ἄμβωσι,
500 2655 769 2707 καθαρώτερον
805 2656 1016 2704 ἐπλησίαζε
1051 2657 1106 2707 τῷ
1150 2659 1320 2706 στόματι
1359 2656 1402 2696 τὸ
1445 2657 1659 2706 πινόμενον.

1276 2721 1376 2758 Plut.
1396 2722 1551 2770 Lycurq.
1572 2723 1604 2760 9.

1480 2784 1502 2811 C
