1783 2968
877 228 926 268 37

211 335 661 384 personae-—c'mncv'mecac,
690 334 1131 383 &Bumodus—sequitur
1158 334 1274 371 verba
1303 347 1324 371 e
1354 334 1503 383 dialogo
1532 334 1595 371 de-

208 401 384 447 prompta
419 411 522 437 esse:
564 398 666 448 quod
703 398 820 435 titulo
861 397 1150 434 Homiliis—i.e.
1187 396 1591 446 adloquiis—optime

212 460 400 498 convenit.
456 461 576 509 Cujus
596 460 651 498 rei
670 460 876 509 vestigium
897 459 1000 509 apud
1020 459 1286 508 Phrynichum
1306 472 1458 509 quoque
1478 459 1596 496 latere

211 522 388 560 videtur}
443 523 519 560 Hic
539 523 643 560 enim
672 522 832 560 Critiam
853 523 900 559 ab
920 522 1131 559 oratoribus
1150 522 1328 572 sejungit,
1348 522 1596 571 mediumque

211 585 312 622 inter
329 586 605 623 Antisthenem
625 588 664 622 et
679 585 911 622 Aeschinem
933 585 1167 622 Socraticum
1184 589 1466 629 commemorat,
1481 586 1537 622 ita
1552 589 1596 621 ut

212 648 305 685 satis
325 648 376 685 sit
403 648 609 697 probabile,
630 647 819 697 quaedam
840 647 983 686 Critiae
1002 648 1155 697 scripta,
1175 648 1380 685 Aeschinis
1400 652 1438 686 et
1457 648 1590 685 Antis-

212 710 340 748 thenis
361 711 520 761 dialogis
539 723 731 760 germana,
750 711 896 749 scilicet
924 711 1117 749 Homilz'as
1135 723 1230 760 quas
1250 724 1352 749 nunc
1373 715 1593 756 tractamus,

213 773 435 823 Phrynicho
455 774 654 811 obversata
674 786 765 812 esse.

264 837 383 886 Apud
411 837 689 875 Philostratum
709 850 870 887 quoque,
890 837 932 874 ni
955 837 1078 883 fallor,
1098 838 1266 886 ejusdem
1289 838 1413 887 operis
1434 838 1595 887 vestigia

212 911 415 948 agnoscere
454 899 552 937 licet.
623 900 724 937 Nam
757 901 798 937 in
837 899 1100 951 Sophistarum
1141 900 1242 937 Vitis
1275 900 1368 937 haec
1406 901 1593 950 legimus:

212 961 428 1011 μετέβαλον
457 960 488 1001 δ’
509 962 555 1000 ἂν
576 962 641 1012 (Sc.
663 962 879 1011 Θεσσαλοί)
899 965 958 1000 καὶ
990 964 1029 1007 ἐς
1057 964 1100 1001 τὸ
1129 964 1337 1014 κριτιάζειν,
1359 963 1390 1002 εἴ
1417 978 1496 1001 τινα
1527 970 1595 1008 τῆς

213 1025 346 1062 ἑαυτοῦ
378 1026 523 1076 σοφίας
551 1023 729 1069 ἐπίδειξιν
755 1027 776 1064 ὁ
809 1027 969 1076 Κριτίας
996 1027 1085 1077 παρ’
1115 1026 1248 1070 αὐτοῖς·
1277 1027 1445 1064 ἐποιεῖτο.
1503 1028 1524 1065 ὁ
1556 1025 1594 1065 δὲ

211 1085 340 1134 ἠμέλει
367 1090 439 1134 μὲν
458 1089 604 1132 τούτου,
622 1086 837 1138 βαρυτέρας
858 1086 889 1126 δ’
909 1087 1038 1132 αὐτοῖς
1067 1090 1226 1127 ἐποιέῒτο
1247 1089 1316 1133 τὰς
1345 1089 1598 1141 ὀλιγαρχίας,

215 1147 493 1199 διαλεγόμενος
523 1155 605 1194 τοῖς
638 1152 709 1189 ἐκεῖ
740 1149 930 1195 δυνατοῖς,
962 1149 1021 1188 καὶ
1055 1151 1342 1200 καθαπτόμενος
1374 1155 1445 1199 μὲν
1479 1150 1597 1199 δημο-

214 1213 369 1262 κρατίας
389 1212 552 1257 ἁπάσης,
568 1211 799 1263 διαβάλλων
819 1211 850 1251 δ’
870 1213 1104 1258 Ἀθηναίους
1124 1214 1177 1258 ὡς
1196 1216 1356 1252 πλεῖστα
1378 1214 1597 1266 ἀνθρώπων

214 1274 514 1325 ἁμαρτάνοντας.
580 1275 760 1312 Ceterum
806 1288 854 1312 ne
896 1276 983 1324 quis
1029 1276 1326 1325 Xenophontis²
1368 1278 1594 1314 auctoritate

215 1336 341 1381 nixus,
362 1337 579 1385 suspicetur
606 1337 839 1374 Philostrato
859 1337 953 1375 haec
978 1339 1149 1375 narranti
1173 1338 1286 1375 fidem
1306 1339 1593 1376 detrectandam
1648 1329 1650 1331 ¹

214 1411 305 1443 esse,
321 1411 444 1449 pauca
458 1400 505 1437 de
520 1400 634 1437 rebus
648 1412 670 1437 a
686 1400 807 1437 Critia
826 1400 864 1437 in
887 1400 1082 1438 Thessalia
1101 1401 1218 1450 gestis
1234 1401 1415 1439 disserere
1432 1405 1589 1451 oportet.

267 1461 340 1499 Ille
379 1463 630 1499 Penestarum
666 1463 859 1500 tumultus
906 1475 928 1500 a
974 1463 1231 1512 Xenophonte
1277 1469 1595 1502 commemoratus

214 1525 380 1562 maxime
400 1525 586 1563 Aleuadis
606 1525 748 1570 nocuit,
767 1537 931 1574 quorum
959 1526 1147 1575 princeps,
1166 1526 1400 1576 Aristippus,
1418 1528 1596 1576 quamvis

211 1599 234 1624 a
266 1587 366 1635 Cyro
398 1590 437 1624 et
466 1587 586 1636 copiis
619 1591 659 1624 et
687 1588 863 1636 pecuniis
896 1587 1062 1636 adjutus,
1090 1588 1245 1625 tandem
1280 1593 1480 1638 superatus
1513 1592 1596 1626 est.3

214 1648 298 1694 Quo
314 1649 535 1686 discrimine
555 1649 757 1699 Lycophro
775 1649 842 1686 ille
869 1650 1062 1687 Pheraeus
1079 1663 1154 1686 non
1175 1650 1297 1687 otium
1317 1663 1426 1700 agere
1445 1651 1595 1688 debuit:

213 1723 304 1748 nam
351 1723 452 1748 anno
497 1711 576 1749 404
620 1724 650 1749 a.
691 1711 777 1749 Chr.
817 1724 1007 1749 summam
1053 1715 1281 1761 potestatem
1328 1713 1517 1762 captabat,
1555 1719 1594 1750 ct

212 1772 533 1811 Larissaeos—z'.e.
563 1774 756 1823 Aristippi
793 1778 832 1811 et
867 1774 1130 1811 Aleuadarum
1168 1775 1595 1814 factionem-devicit}

214 1835 329 1873 Unde
363 1836 406 1872 fit
438 1835 648 1873 verisimile
685 1836 976 1885 Lycophronem
1015 1837 1265 1874 Penestarum
1299 1837 1513 1875 defectione
1545 1839 1593 1875 ad

212 1898 382 1947 regimen
425 1898 687 1935 Aleuadarum
733 1899 983 1936 evertendum
1029 1903 1334 1948 potestatemque
1371 1912 1479 1937 suam
1518 1905 1595 1937 sta-

212 1960 423 1997 biliendam
465 1973 579 1997 usum
623 1972 713 1997 esse.
787 1961 924 2009 Itaque
972 1961 1192 2009 compositis
1240 1962 1509 2010 Xenophontis
1558 1967 1597 1999 et

213 2021 439 2059 Philostrati
485 2022 716 2060 testimoniis
759 2022 882 2060 facere
920 2034 997 2059 non
1033 2035 1199 2072 possum,
1233 2023 1328 2073 quin
1366 2024 1598 2068 existimem,

215 2085 374 2122 Critiam
404 2085 502 2122 intio
530 2098 607 2122 una
636 2097 722 2122 cum
756 2085 985 2122 Prometheo
1013 2086 1187 2123 Penestis
1215 2086 1436 2135 praefuisse,
1456 2088 1595 2125 deinde

214 2159 236 2184 a
263 2147 526 2197 Lycophrone,
554 2147 626 2184 hac
654 2147 878 2192 defectione,
911 2147 958 2184 ad
996 2159 1187 2184 summam
1219 2152 1451 2198 potestatem
1484 2162 1595 2187 occu-

212 2210 379 2259 pandam
401 2210 537 2255 utenti,
557 2210 718 2248 stetisse.
775 2211 896 2247 Locus
924 2210 1027 2247 enim
1046 2214 1208 2259 uterque
1233 2210 1324 2248 huic
1353 2212 1595 2260 conjecturae

212 2272 325 2310 favet.

265 2336 368 2372 Nam
383 2336 572 2385 imprimis
591 2336 632 2372 in
649 2336 830 2374 memoria
848 2337 1057 2374 tenendum
1074 2339 1132 2374 est
1157 2337 1455 2386 Xenophontem
1468 2339 1593 2383 verba,

212 2410 310 2446 quae
353 2410 458 2435 nunc
500 2401 720 2442 tractamus,
754 2398 989 2443 Therameni‚
1021 2399 1233 2436 orationem
1266 2405 1401 2437 contra
1433 2401 1594 2438 Critiam

211 2460 381 2504 habenti,
394 2460 649 2509 supposuisse.
706 2461 780 2498 Sed
799 2473 887 2498 cum
902 2461 1158 2498 Theramenes
1174 2462 1273 2498 nihil
1293 2463 1369 2500 nisi
1388 2463 1595 2500 adversarii

211 2522 438 2572 objurgandi
465 2522 704 2560 occasionem
723 2527 889 2572 quaerat,
910 2524 1034 2561 minor
1053 2528 1112 2562 est
1129 2524 1246 2574 hujus
1275 2525 1349 2562 loci
1376 2526 1594 2570 auctoritas,

212 2597 326 2633 quam
361 2585 483 2634 ipsius
517 2585 786 2634 Xenophontis
818 2586 1008 2624 historiae.
1065 2587 1167 2632 Quid
1202 2588 1319 2636 igitur
1354 2588 1449 2633 miri,
1478 2589 1509 2625 si
1539 2589 1593 2626 rei

297 2680 304 2697 ¹
326 2678 405 2711 Test.
422 2679 499 2711 Ant.
517 2679 553 2713 V.
574 2681 621 2713 10.
1051 2681 1063 2697 ²
1081 2680 1159 2714 Test.
1177 2681 1255 2714 Ant.
1274 2681 1317 2715 II.
1335 2684 1365 2722 8,
1383 2684 1431 2715 13.

297 2732 308 2748 ³
323 2731 369 2766 Cf.
390 2730 470 2765 Test.
487 2732 563 2765 Ant.
582 2732 626 2765 ΙΙ.
645 2734 736 2765 7-11.
1050 2733 1063 2751 ‘¹
1081 2733 1160 2767 Test.
1178 2734 1254 2767 Ant.
1273 2734 1317 2767 ΙΙ.
1337 2737 1384 2768 12.
