1783 2968
903 217 951 253 50

234 318 617 357 animadverterunt?
661 318 733 356 Cui
749 318 922 369 opinioni
939 320 1035 357 illud
1051 319 1210 358 minime
1225 321 1352 358 obstat
1367 321 1469 371 quod
1485 327 1618 371 postea

234 381 393 431 triginta
401 381 474 419 viri
482 381 725 419 Alcibiadem
738 395 760 419 a
774 382 1084 421 Lacedaemoniis
1097 382 1348 421 occidendum
1362 387 1617 423 curaverunt.¹

232 445 334 482 Nam
355 445 506 483 etiamsi
536 445 575 482 in
605 444 731 483 Grotii
752 445 972 495 opinionem
992 459 1069 484 non
1089 445 1367 492 descendimus,
1388 446 1450 486 cui
1469 446 1619 497 placuit

232 507 553 545 Lacedaemonios
573 521 642 545 sua
662 513 799 557 sponte
819 508 1062 547 Alcibiadem
1092 508 1339 554 interfecisse,
1360 510 1400 546 in
1431 509 1613 548 memoria

231 570 443 608 tenendum
472 576 530 608 est
559 570 701 608 Critiae
728 574 962 620 potestatem
990 576 1083 609 tunc
1103 584 1125 609 a
1144 571 1455 610 Lacedaemoniis
1476 585 1617 622 pepen-

232 633 342 678 disse,
372 633 434 672 cui
462 633 685 671 Alcibiades
726 633 1001 673 infestissimus
1035 633 1119 672 fuit.
1186 634 1398 680 Praeterea,
1427 634 1467 672 ni
1496 634 1617 680 fallor,

232 695 372 733 Critiae
393 699 431 732 et
458 694 673 733 Alcibiadis
692 695 863 733 amicitia
883 696 1010 734 minus
1032 695 1174 733 virtute
1194 709 1311 745 quam
1331 696 1501 734 utilitate
1521 696 1614 734 nixa

231 762 298 802 est,
327 757 381 795 ita
410 762 454 795 ut
483 757 594 796 facile
623 758 775 795 credam
804 758 1007 803 utrumvis,
1032 758 1194 807 jubente
1224 758 1460 804 necessitate,
1490 758 1613 797 amico

231 829 393 858 mortem
422 820 634 858 inlaturum
655 819 782 858 fuisse.
841 823 1012 870 Apparet
1043 820 1157 870 igitur
1178 820 1339 859 Critiam
1368 834 1489 859 annos
1509 834 1610 859 com-

231 883 361 933 plures
379 881 594 921 Alcibiadis
614 881 760 921 socium
783 881 909 921 fuisse.

283 946 399 982 Nunc
418 958 646 994 quaeramus
662 945 853 993 quomodo
874 944 1011 982 Critias
1032 944 1071 980 in
1093 944 1402 995 Quadringentos
1421 945 1614 983 animatus

231 1007 356 1045 fuerit.
412 1008 544 1057 Atque
560 1007 599 1044 id
618 1007 790 1056 profecto
806 1007 890 1044 luce
911 1006 1049 1045 clarius
1065 1011 1133 1052 est,
1148 1006 1274 1045 virum
1289 1006 1367 1057 qui,
1383 1006 1506 1057 prima
1525 1007 1615 1045 data

231 1070 438 1114 occasione,
458 1070 496 1106 in
527 1070 794 1119 Phrynichum
825 1070 1010 1114 invectus,
1030 1074 1157 1119 partes
1177 1069 1392 1107 Alcibiadis
1412 1070 1613 1119 amplexus

229 1135 290 1179 sit,
311 1147 387 1171 non
408 1133 509 1171 inter
529 1133 644 1170 duces
664 1131 910 1182 optimatium
931 1131 1057 1170 fuisse.
1114 1132 1239 1178 Quam
1260 1130 1480 1181 opinionem
1508 1132 1613 1170 locus

230 1198 295 1234 ille
325 1196 595 1245 Xenophontis
624 1198 837 1240 confirmat,
857 1194 923 1232 ubi
951 1195 1214 1239 Theramenes,
1235 1194 1411 1243 quamvis
1439 1207 1462 1231 a
1490 1194 1611 1232 Critia

230 1259 447 1309 castigatus,
481 1257 625 1307 quippe
665 1257 731 1307 qui
771 1257 891 1295 socios
930 1256 1150 1305 turpissime
1189 1256 1409 1302 deseruerit,
1449 1269 1496 1294 ne
1537 1269 1612 1294 uno

229 1321 385 1371 quidem
415 1321 530 1358 verbo
570 1319 716 1357 indicat
756 1318 916 1357 Critiam
954 1332 1123 1367 unquam
1163 1323 1290 1367 partes
1330 1318 1385 1355 ita
1424 1321 1616 1356 mutasse.²

230 1383 342 1429 Quod
370 1385 471 1420 certe
501 1381 667 1424 fecisset,
687 1380 719 1417 si
749 1380 888 1417 Critias
919 1392 940 1416 a
969 1379 1267 1429 Quadringentis
1295 1380 1343 1417 ad
1371 1379 1615 1417 Alcibiadem

229 1450 358 1496 aperte
388 1446 595 1482 transisset.
653 1442 803 1488 Quibus
825 1441 1060 1492 argumentis
1088 1447 1127 1479 et
1155 1446 1349 1491 praeterea
1377 1441 1614 1492 Thucydidis

228 1507 382 1545 silentio
403 1506 517 1543 nixus
547 1504 814 1542 Schleicherus
835 1503 994 1541 Critiam
1014 1517 1033 1541 e
1055 1516 1212 1541 numero
1233 1503 1611 1553 Quadringentorum

229 1570 374 1616 eximit,
413 1567 668 1617 Grotiumque
706 1571 893 1617 sequutus
931 1566 1077 1612 statuit,
1115 1571 1309 1605 auctorem
1347 1565 1529 1604 orationis
1566 1566 1606 1603 in

229 1631 614 1671 Theocrinem-—sive
632 1630 912 1667 Demosthenes
927 1629 1007 1667 sive
1022 1629 1108 1679 quis
1124 1629 1222 1667 alius
1238 1628 1612 1667 fuerit—falsissime

230 1695 607 1745 Quadringentorum
636 1692 844 1730 factionem
873 1692 919 1729 ad
961 1691 1279 1729 Lacedaemonios
1319 1691 1358 1728 in
1398 1691 1614 1729 Eetioniam

230 1758 468 1808 recipiendos
506 1757 744 1804 conjuratam
778 1753 825 1793 ‘oi
859 1757 941 1805 περὶ
984 1754 1149 1804 Κριτίαν’
1184 1756 1450 1802 nuncupasse.³
1505 1754 1611 1799 Quae

230 1822 346 1859 verba
366 1820 432 1858 vix
452 1819 527 1857 alia
546 1817 694 1855 ratione
714 1815 898 1865 explicari
918 1821 1099 1865 possunt:
1129 1829 1218 1853 nam
1237 1821 1281 1852 ut
1301 1815 1382 1864 ipse
1402 1815 1614 1853 Muellerus

231 1884 443 1928 confitetur,
472 1880 553 1918 fieri
583 1893 659 1917 non
690 1883 825 1929 potest,
855 1884 898 1915 ut
933 1877 1072 1916 Critias
1100 1877 1191 1915 huic
1220 1876 1388 1923 factioni,
1418 1877 1610 1915 acerrimis

232 1945 617 1985 Lacedaemoniorum
639 1942 750 1980 sociis
766 1941 981 1991 praefuerit.
1040 1942 1146 1978 Idem
1168 1947 1295 1978 tamen
1312 1941 1398 1990 jure
1414 1940 1612 1978 contendit

232 2009 366 2059 Lysiae
396 2006 659 2045 testimonium
691 2004 844 2054 majoris
871 2017 952 2041 esse
981 2003 1186 2041 momenti:
1215 2003 1277 2041 hic
1297 2003 1399 2040 enim
1420 2008 1613 2040 asseverat

231 2074 332 2110 viros
346 2072 512 2121 triginta,
526 2070 633 2107 nullo
646 2074 817 2117 excepto,
832 2067 1207 2117 Quadringentorum
1221 2067 1397 2104 factionis
1410 2066 1615 2115 participes

232 2136 371 2173 fuisse.⁴
426 2135 532 2179 Quae
567 2145 625 2169 res
658 2132 706 2168 ab
739 2133 885 2167 oratore
918 2129 1032 2178 plane
1066 2133 1292 2179 exaggerata
1323 2128 1615 2166 est—videlicet

231 2199 485 2235 Theramenes
516 2206 712 2244 nunquam
744 2192 783 2230 in
812 2191 991 2230 exsilium
1020 2191 1234 2230 abiit—sed
1255 2190 1319 2228 vix
1346 2195 1404 2229 est
1432 2189 1612 2228 credibile

231 2259 385 2310 Lysiam
399 2263 545 2295 tantam
561 2256 757 2293 levitatem
771 2254 980 2299 admisisse,
994 2260 1037 2291 ut
1051 2254 1089 2291 in
1103 2268 1142 2292 re
1155 2253 1400 2291 audientibus
1414 2252 1613 2290 notissima.

230 2321 361 2360 nonin
382 2318 628 2357 Theramenis
649 2322 802 2355 tantum
822 2316 887 2354 sed
908 2315 1023 2353 etiam
1045 2316 1084 2353 in
1105 2315 1248 2354 Critiae
1263 2315 1344 2353 vita
1364 2314 1614 2353 describenda

272 2474 281 2492 1
304 2468 381 2501 Test.
401 2467 475 2498 Ant.
496 2465 538 2498 II.
560 2467 608 2503 15,
628 2467 674 2496 16.
889 2461 900 2477 ’·’
915 2462 993 2495 Xen.
1012 2462 1097 2496 Hist.
1118 2463 1226 2495 Graec.
1245 2462 1288 2494 II.
1306 2464 1336 2502 3,
1355 2461 1392 2503 ἓξ
1411 2464 1525 2495 35-49.

272 2525 283 2543 ³
299 2518 524 2560 κατασκάψας
540 2518 596 2553 τήν
613 2516 809 2549 Ἠετιωνξιάν
826 2517 864 2553 εἰς
881 2516 914 2552 ἦν
933 2515 1192 2556 Λαιεόοιιμονὼν,·
1208 2515 1336 2556 ἔμελλον
1351 2518 1377 2547 οἱ
1393 2514 1459 2555 περὶ
1479 2516 1611 2558 Κριτίαν

230 2574 437 2615 ὑποδέχεσθαι.
484 2572 522 2603 In
539 2571 698 2604 Theocrin.
717 2580 744 2611 p.
766 2572 856 2602 1343.
904 2569 949 2602 Of.
967 2568 1150 2608 Schleicher,
1168 2579 1213 2611 op.
1233 2567 1284 2601 cit.
1301 2571 1331 2608 9,
1350 2570 1399 2602 10.

271 2631 283 2648 ⁴
299 2633 325 2662 οἱ
348 2628 522 2671 τριάκοντα
548 2625 605 2656 καί
628 2626 645 2662 ἡ
669 2624 766 2662 βουλὴ
786 2624 803 2660 ἡ
821 2624 873 2655 ἐπὶ
895 2624 956 2656 τᾶν
970 2623 1144 2666 τριάκοντα
1167 2621 1361 2661 βουλεύουσα,
1379 2624 1405 2654 οἳ
1420 2623 1513 2654 ιιῦτοί
1535 2621 1612 2658 ἦσαν

229 2684 372 2719 ἅπαντες
387 2683 448 2714 τῶν
463 2680 666 2721 τετρακοσῖων
683 2692 742 2711 των
759 2679 927 2716 Φυγόντων.
962 2678 1030 2718 LyS.
1051 2676 1090 2707 In
1109 2677 1200 2717 ilnqor.
1219 2678 1267 2708 74.
1304 2676 1349 2708 Cf.
1368 2674 1505 2714 Scheibe,
1525 2673 1610 2715 Olzy-

229 2736 302 2769 arch
309 2734 390 2767 ist-he
412 2734 426 2764 I
431 2733 467 2764 Vm
477 2733 629 2773 wr'ilz‘mrsl,
646 2735 717 2767 ¹109,
