1783 2968
937 214 984 252 11

265 318 451 370 μαθόντες
489 317 576 357 οὔτε
615 321 676 358 ὅτι
712 318 855 367 λάὙνος
892 318 956 356 καὶ
995 317 1196 370 ὑβριστὴς,
1224 317 1301 367 καὶ,
1331 316 1374 355 τὸ
1402 316 1459 355 ἔτι
1497 315 1645 354 τούτων

266 383 488 435 αἴσχιστον,
519 383 581 420 ὅτι
617 379 686 428 τὴν
717 380 868 419 ἀσπίδα
897 380 1108 428 ἀπέβαλεν·
1149 381 1219 419 οὐκ
1257 380 1400 429 ὰνγαθὸς
1436 379 1513 430 ἄρα
1545 378 1591 426 ἣν
1624 377 1643 416 ὁ

267 443 509 495 Ἀρχίλοχος
523 442 670 493 μάρτυς
685 442 818 493 ἑαυτῷ,
834 445 1005 480 τοιοῦτον
1024 442 1133 482 κλέος
1152 442 1358 481 ἀπολιπὼν
1377 441 1441 479 καὶ
1461 440 1644 487 τοιαύτην

267 506 391 557 ἑαυτῷ
409 504 758 555 &mmm—Aeliam.
784 505 872 542 Vccr.
896 505 991 542 Hist.
1015 505 1060 541 X.
1085 506 1141 542 13.

319 598 412 647 (10.)
459 596 575 646 Λέγει
611 596 772 648 Κριτίας
809 597 1081 645 Θεμιστοκλέα
1117 596 1185 635 τὸν
1221 596 1452 646 Νεοκλέους,
1489 595 1584 647 πρὶν
1619 594 1643 643 ἢ

266 659 460 712 ἄρξασθαι
503 658 786 709 πολιτεύεσθαι,
824 659 912 711 τρία
948 661 1120 698 τάλαντα
1157 659 1260 711 ἔχειν
1296 658 1365 707 τὴν
1392 658 1537 697 ιοὐσίαν
1573 657 1644 705 τὴν

265 724 461 774 πατρῷαν·
491 721 574 760 ἐπεὶ
593 721 633 760 δὲ
662 724 736 760 τῶν
754 724 888 760 κοινῶν
906 721 1088 773 προέστη,
1109 721 1191 760 εἶτα
1218 722 1334 772 ἔφυγε
1362 722 1426 759 καὶ
1455 721 1642 769 ἐδημεύθη

266 785 386 823 αὐτοῦ
403 785 427 832 ἡ
447 783 575 834 οὐσία,
591 783 847 836 κατεφωράθη
864 784 998 822 ἑκατὸν
1012 783 1213 822 ταλάντων
1227 784 1352 822 πλείω
1373 784 1509 822 οὐσίαν
1528 783 1642 835 ἔχων·

267 846 406 896 ὁμοίως
436 845 476 884 δὲ
506 846 570 884 καὶ
601 845 766 885 Κλέωνα
795 845 872 897 πρὸ
902 849 970 884 τοῦ
998 846 1206 897 παρελθεῖν
1225 846 1289 884 ἐπὶ
1318 845 1368 884 τὰ
1388 845 1496 884 κοινὰ
1525 845 1643 894 μηδὲν

266 911 342 948 τῶν
385 908 534 947 οἰκείων
571 907 769 960 ἐλεύθερον
805 907 910 947 εἶναι·
947 907 1044 957 μετὰ
1081 908 1121 946 δὲ
1157 908 1396 956 πεντήκοντα
1434 908 1643 947 ταλάντων

266 971 333 1011 τὸν
351 970 455 1010 οἶκον
473 971 880 1010 ἀπέλιπεν.-Αείιάη.
912 971 999 1009 Var.
1020 972 1119 1008 Hist.
1141 972 1186 1008 X.
1210 971 1267 1011 17.

322 1056 413 1104 (11.)
442 1054 658 1103 Ἐφιάλτου
673 1053 713 1092 δὲ
731 1053 945 1096 κωλύοντος
963 1053 1027 1093 καὶ
1046 1053 1394 1106 διαμαρτυρομένου
1411 1054 1465 1103 μὴ
1482 1054 1643 1102 βοηθεῖν

265 1115 352 1166 μηδ’
388 1116 616 1155 ἀντιστάναι
648 1115 766 1154 πόλιν
796 1115 1012 1154 ἀντίπαλον
1043 1115 1109 1153 ἐπὶ
1141 1115 1208 1156 τὰς
1242 1115 1419 1163 Ἀθήνας,
1454 1116 1547 1154 ἀλλ7
1578 1116 1644 1154 ἐᾶν

269 1178 422 1217 κεῖσθαι
450 1177 515 1216 καὶ
542 1177 762 1226 πατηθῆναι
789 1178 832 1217 τὸ
852 1177 1029 1229 φρόνημα
1048 1181 1114 1226 τῆς
1142 1174 1336 1229 Σπάρτης,
1359 1178 1524 1227 Κίμωνά
1544 1181 1644 1229 φησι

267 1240 429 1293 Κριτίας
458 1240 527 1288 τὴν
545 1243 611 1288 τῆς
638 1240 822 1292 πατρίδος
849 1240 1013 1289 αὔξησιν
1031 1240 1070 1278 ἐν
1090 1240 1237 1292 ὑστέρῳ
1258 1239 1412 1289 θέμενον
1430 1244 1498 1279 τοῦ
1516 1242 1642 1279 Λακε-

266 1302 471 1353 δαιμονίων
503 1302 776 1355 συμφέροντος,
809 1303 1072 1342 ἀναπεισαντα
1110 1302 1175 1341 τὸν
1204 1302 1322 1351 δῆμον
1351 1304 1520 1353 ἐξελθεῖν
1545 1305 1642 1352 βοη-

268 1367 408 1404 θοῦντα
426 1365 523 1414 μετὰ
541 1367 704 1404 πολλῶν
722 1365 1060 1404 &trunam—Plu&
1085 1367 1173 1403 Cim.
1197 1367 1254 1403 16.

320 1449 415 1498 (12.)
444 1445 547 1485 Οἶδα
564 1446 640 1499 ’γὰρ
660 1446 705 1496 δὴ
724 1446 789 1486 καὶ
817 1447 983 1499 Κριτίαν
1001 1446 1066 1486 τὸν
1085 1446 1279 1498 σοφιστὴν
1298 1447 1367 1486 οὐκ
1394 1448 1437 1486 ἐκ
1464 1449 1645 1500 πατέρων

267 1510 358 1549 ἀλλ’
389 1510 565 1562 Ὁμήρου
601 1509 646 1558 δὴ
682 1509 800 1559 μόνου
830 1513 902 1549 σὺν
937 1511 992 1561 τῷ
1027 1510 1147 1561 πατρὶ
1184 1510 1482 1562 ἐπιμνησθέντα,
1513 1512 1644 1560 ἐπειδὴ

268 1573 398 1622 θαῦμα
416 1572 606 1621 δηλώσειν
624 1573 763 1622 ἔμελλε
782 1572 932 1625 πατέρα
949 1572 1110 1624 Ὁμήρῳ
1130 1572 1305 1622 ποταμὸν
1324 1572 1642 1612 duaa—Philon.

279 1637 352 1673 Vit.
373 1637 529 1685 Sophist.
550 1637 710 1673 Prooem.

317 1720 411 1769 (13.)
442 1719 648 1771 Μάρτυρες
668 1718 822 1757 ἔσονται
841 1718 877 1757 οἱ
895 1718 1011 1770 σοφοὶ
1031 1719 1065 1757 εἴ
1090 1735 1166 1758 που
1185 1718 1264 1760 ἑνὸς
1292 1721 1368 1757 τῶν
1388 1719 1488 1758 ἑπτὰ
1507 1723 1643 1770 σοφῶν

266 1781 352 1820 ἐστι
381 1781 425 1820 τὸ
455 1781 693 1832 ἀποφθέὙμα
722 1781 858 1830 Μηδὲν
882 1781 991 1832 ἅνγαν,
1012 1784 1108 1833 ὅπερ
1139 1781 1291 1819 Χίλωνι
1320 1782 1568 1821 ἆνατίθεασιν
1597 1784 1647 1825 ὡς

268 1844 431 1896 Κριτίας
450 1843 515 1882 καὶ
535 1843 910 1896 Πίνδαρος-Βάαλ
932 1846 990 1882 ad.
1011 1845 1145 1894 Eurip.
1167 1845 1320 1894 Hippol.
1343 1846 1427 1882 265.

321 1927 416 1976 (14.)
445 1927 606 1965 Metram
636 1928 875 1978 dactyllicum
906 1928 1158 1965 hexametrum
1188 1928 1375 1965 inventum
1396 1929 1582 1978 primitus
1600 1931 1646 1967 ab

274 1988 419 2041 Orpheo
458 1989 598 2029 Critias
634 1991 776 2029 asserit.
843 1990 951 2029 Mall.
985 1990 1171 2028 Theodor.
1239 1990 1426 2039 (Gramm.
1462 1991 1543 2029 Lat.
1578 1992 1646 2030 Ed.

267 2052 368 2097 Keil,
388 2053 436 2091 vi.
457 2053 560 2102 589).

799 2137 839 2175 C.
870 2136 1116 2189 ’Λφορισμόα

320 2225 415 2272 (15.)
444 2204 608 2274 Κριτίας
627 2224 666 2263 ἐν
685 2226 739 2275 τῷ
759 2241 903 2276 πρωτῳ
924 2225 1155 2277 Ἀφορισμῲ
1174 2225 1265 2263 τάδε
1282 2228 1434 2277 γράφει.

319 2285 435 2333 Μηδὲ
471 2284 497 2323 ἃ
539 2287 592 2338 τῷ
629 2286 740 2338 ἄλλῳ
779 2287 932 2336 σώματι
970 2287 1196 2326 αἰσθάνεται
1234 2287 1330 2336 μηδὲ
1367 2287 1392 2326 ἃ
1430 2290 1476 2340 72⁶
1515 2289 1648 2341 *γνώμῃ

265 2347 482 2397 Ὑινγνώσκει.
551 2348 616 2387 καὶ
649 2352 772 2389 πάλιν
805 2351 835 2387 Γ
838 2350 1094 2399 ιὙνώσκουσιν
1126 2350 1162 2389 οἱ
1192 2350 1393 2402 ἄνθρωποι
1425 2351 1459 2390 εἰ
1489 2353 1547 2394 τὶς
1578 2354 1649 2402 μὲν

266 2410 425 2460 ὑγιαίνει
444 2413 491 2462 τῇ
509 2412 829 2462 *γνώμῃ-θαῖεη
851 2414 919 2462 (ed.
942 2414 1092 2461 Kiihn)‚
1113 2414 1266 2451 XVIII.
1288 2416 1372 2452 656.

579 2509 625 2546 D.
656 2508 756 2560 Περὶ
784 2509 937 2560 φύσεως
964 2510 1103 2562 ἔρωτος
1129 2510 1153 2559 ἢ
1181 2510 1343 2563 ἐρώτων.

319 2582 413 2630 (16.)
442 2580 857 2634 Λυσανίης-Κριτίας
872 2584 912 2622 ἐν
926 2585 980 2636 τῷ
997 2583 1087 2636 περὶ
1107 2583 1260 2635 φύσεως
1279 2585 1419 2638 ἔρωτος
1433 2585 1457 2635 ἢ
1472 2586 1646 2639 ἕρώτων1

309 2655 316 2671 ¹
333 2653 459 2686 Codices
474 2656 591 2698 αἱρετῶν
607 2656 755 2688 exhibent
777 2657 859 2698 quod
881 2658 973 2699 plane
995 2659 1028 2689 in
1044 2658 1155 2701 ἐρώτων
1171 2659 1356 2691 mutandum
1379 2664 1434 2692 est.
1483 2661 1529 2693 Cf.
1547 2661 1648 2696 Bach.

264 2715 311 2747 op.
329 2705 380 2738 cit.
400 2709 469 2741 103.
