1783 2968
826 253 875 290 36

156 355 336 405 sejungit,
365 369 463 406 quae
492 369 514 393 a
543 357 683 394 mentis
718 357 876 406 judiciis
917 356 1086 407 pendent
1114 356 1176 405 (τὰ
1217 355 1541 407 γιγνωσκόμενα).

156 419 286 456 Verba
304 417 356 470 τῷ
375 418 488 470 ἄλλῳ
509 418 655 467 σώματι
680 419 857 457 indicant
885 423 1053 458 mentem
1081 423 1229 468 partem
1257 431 1338 456 esse
1365 416 1544 467 corporis,

157 480 368 530 eodemque
397 481 574 526 tendunt,
603 494 648 519 ac
676 482 869 520 sententia
898 482 944 520 de
972 481 1123 519 animae
1152 480 1252 525 sede,
1280 492 1398 529 quam
1427 491 1543 528 supra

157 543 421 581 tractavimus.

212 606 269 642 Ex
292 618 335 643 eo
356 606 459 655 quod
489 606 630 643 Critias
651 619 728 643 non
758 607 915 657 γνώμης
944 605 1264 656 significationem
1292 607 1447 642 tantum
1475 603 1543 640 sed

158 668 279 706 totius
308 668 433 717 operis
462 667 622 706 titulum
652 681 740 706 cum
772 669 1007 718 Hippocrate
1026 680 1268 705 communem
1299 665 1447 711 habuit,
1466 665 1544 703 co]-

159 732 277 781 ligere
304 731 407 776 licet,
429 730 573 769 Critiae
593 737 633 769 et
661 731 911 781 Hippocratis
931 731 1177 782 Aphorismos
1196 734 1299 768 arcte
1319 728 1542 768 cohaesisse.

160 795 268 840 Quae
297 795 530 844 conjectura,
559 794 721 844 perditis
751 794 820 832 Coi
847 794 1011 844 scriptis,
1036 794 1152 844 justis
1182 792 1424 831 documentis
1453 804 1541 830 con-

160 857 303 894 firmari
343 869 421 893 non
458 861 595 906 potest,
627 857 694 894 sed
730 857 889 894 fortasse
928 857 1151 906 metaphora
1188 856 1256 893 illa
1291 855 1462 906 ’ὑγιαίνει
1499 856 1548 906 τῇ

159 919 304 970 γνώμῃ’
334 932 356 956 a
385 919 621 956 medicorum
651 931 823 956 sermone
863 919 1049 957 translata
1078 919 1264 968 originem
1296 917 1386 955 inde
1420 915 1541 954 duxit.

160 981 331 1018 Galenus
379 981 629 1030 Hippocratis
667 981 911 1032 Aphorismos
957 982 996 1018 in
1043 981 1161 1018 libros
1207 983 1354 1030 septem
1401 979 1545 1016 divisos

158 1048 453 1090 commemorat;
481 1042 568 1081 aliis
596 1048 672 1081 tres
705 1048 859 1081 tantum
890 1043 979 1081 libri
1013 1044 1096 1082 noti
1124 1047 1255 1081 erant:
1284 1042 1387 1080 unde
1415 1039 1542 1091 sequi-

159 1111 233 1150 tur,
272 1119 368 1155 opus
412 1118 488 1142 non
530 1106 578 1143 ab
616 1106 699 1155 ipso
742 1106 979 1155 Hippocrate
1021 1106 1089 1144 sed
1129 1119 1151 1143 a
1189 1104 1451 1155 grammaticis
1488 1103 1544 1141 sic

160 1168 391 1217 dispositum
429 1170 535 1205 esse.¹
591 1168 677 1213 Qua
717 1168 865 1206 ratione
905 1167 1046 1206 Critias
1083 1168 1331 1219 Aphorismos
1369 1166 1545 1216 disposu-

159 1231 242 1275 erit,
283 1230 324 1267 in
367 1231 512 1268 incerto
555 1234 623 1275 est,
665 1243 785 1279 quum
829 1230 927 1268 nihil
975 1231 1053 1269 fere
1096 1230 1142 1268 de
1191 1242 1352 1268 numero
1393 1229 1546 1280 Aphor-

158 1294 338 1330 ismarum
367 1296 525 1330 constet.
588 1292 629 1330 Si
670 1305 833 1342 magnus
875 1293 940 1330 ille
982 1297 1075 1337 erat,
1104 1306 1225 1342 paene
1266 1304 1421 1330 necesse
1449 1295 1539 1334 erat,

161 1360 204 1391 ut
233 1355 402 1404 primum
430 1354 472 1391 in
499 1354 617 1391 libros
637 1354 912 1404 digererentur,
931 1367 975 1392 ac
1004 1359 1099 1392 tunc
1127 1355 1283 1392 demum
1303 1353 1542 1403 singulorum

159 1416 346 1455 librorum
386 1416 613 1466 Aphorismi
655 1420 969 1455 numerarentur:
1012 1417 1045 1455 si
1087 1417 1201 1466 pauci
1242 1416 1399 1454 omnino
1438 1419 1548 1453 erant

162 1479 394 1529 Aphorismi,
427 1483 470 1516 ut
507 1479 650 1517 Critiae
684 1479 807 1528 priore
844 1479 911 1516 illa
948 1483 1072 1517 aetate
1105 1480 1198 1517 satis
1238 1478 1433 1529 probabile
1470 1482 1542 1522 est,

161 1542 314 1579 suffecit
352 1541 593 1591 singulorum
632 1541 858 1585 numeratio,
892 1541 1000 1579 nulla
1038 1541 1222 1578 librorum
1260 1540 1449 1579 divisione
1488 1540 1546 1577 in-

163 1605 311 1641 stituta.

232 1666 386 1703 lachius
406 1669 534 1703 autem
556 1665 695 1702 Galeni
711 1665 838 1703 verbis
858 1667 897 1704 ἐν
911 1668 962 1716 τῷ
977 1666 1114 1717 πρώτῳ
1130 1665 1431 1717 ἆφορισμῷ-οΐ,
1448 1664 1550 1701 infra

162 1732 214 1780 τῷ
251 1730 424 1779 προτέρῳ
462 1731 540 1766 τῶν
578 1728 910 1776 &pmcn—nixus
943 1729 1080 1765 statuit
1114 1728 1357 1779 Aphorismos
1393 1726 1549 1776 “plures

164 1804 280 1840 quam
310 1791 386 1828 duo
407 1791 552 1839 cepisse
581 1790 698 1827 libros
710 1790 728 1803 ⁷’
749 1803 864 1838 quem
893 1793 1047 1827 secutus
1069 1790 1389 1827 Wilamowitzius
1418 1792 1550 1826 censet

161 1855 212 1903 τῷ
241 1852 378 1903 πρώτῳ
397 1851 625 1902 ’Δφορισμῷ
644 1851 745 1888 idem
765 1864 846 1888 esse
875 1863 918 1888 ac
938 1853 990 1901 τῷ
1015 1851 1154 1902 πρώτῳ
1174 1851 1251 1889 τών
1271 1851 1546 1902 Ἀφορισμῶν.2

166 1915 241 1953 Sed
269 1915 385 1952 verba
413 1914 468 1951 ita
497 1913 669 1963 accipere
698 1926 902 1962 possumus
931 1918 974 1950 ut
1007 1917 1224 1951 statuamus
1253 1927 1330 1951 non
1363 1913 1547 1950 librorum

164 1978 231 2014 sed
277 1976 518 2025 singulorum
555 1976 875 2024 Aphorismorum
922 1988 1101 2013 numeros
1140 1976 1287 2013 Galeno
1326 1976 1549 2013 obversatos

163 2052 253 2077 esse.
295 2039 434 2088 Itaque
455 2037 553 2075 nihil
574 2050 710 2075 causae
731 2038 917 2076 habemus
937 2051 1004 2076 cur
1023 2038 1224 2076 credamus
1246 2037 1406 2076 Critiam
1427 2037 1548 2075 ullam

163 2102 350 2138 librorum
371 2101 601 2138 divisionem
622 2100 848 2138 instituisse.

218 2163 432 2200 Deficiente
459 2166 643 2200 contextu
674 2162 773 2199 nihil
803 2162 850 2201 de
879 2175 994 2200 sensu
1020 2163 1235 2208 verborum,
1254 2175 1353 2212 quae
1378 2161 1550 2200 Galenus

166 2241 211 2264 ex
235 2227 418 2263 Homilz'is
437 2226 572 2269 adfert,
587 2225 716 2275 colligi
735 2229 862 2274 potest
875 2228 906 2262 :³
934 2225 1036 2263 idem
1057 2225 1135 2263 fere
1155 2225 1201 2263 de
1220 2225 1303 2263 loco
1318 2225 1394 2262 dici
1413 2228 1553 2274 potest,

164 2302 240 2339 quo
271 2288 517 2326 Herodianus
547 2288 718 2337 ejusdem
745 2288 868 2337 operis
895 2288 1131 2326 mentionem
1157 2286 1276 2326 facim
1331 2287 1511 2325 Ceterum
1532 2299 1551 2324 e

165 2352 314 2389 ratione
342 2364 418 2399 qua
446 2350 537 2387 libri
566 2350 668 2399 apud
702 2350 894 2387 Galenum
924 2352 1272 2388 numerantur—iv
1300 2352 1352 2400 τῷ
1380 2351 1550 2400 προτέρῳ

163 2413 538 2463 ‘Omana—elucet,
571 2418 615 2449 ut
648 2412 730 2460 jam
768 2413 936 2450 Bachius
979 2412 1199 2461 perspexit‚⁵
1231 2424 1327 2461 opus
1370 2412 1419 2449 ad
1456 2411 1551 2448 duos

165 2481 319 2513 tantum
356 2476 472 2512 libros
509 2474 752 2511 referendum
790 2487 880 2511 esse.
948 2474 1100 2511 Deinde
1137 2487 1184 2511 ex
1222 2474 1355 2511 formis
1392 2474 1551 2510 alterius

210 2604 220 2622 ¹
238 2601 283 2633 Cf.
302 2601 511 2642 Hippocrates
526 2600 599 2640 (Ed.
618 2598 745 2640 hiare),
763 2599 789 2633 Ι.
807 2602 879 2632 323.

208 2652 219 2668 ²
234 2654 279 2685 Of.
298 2653 393 2693 Raab,
411 2663 459 2694 op.
477 2652 528 2686 σιί.
549 2654 618 2684 104.
665 2652 878 2692 Wilamowitz,
896 2651 953 2683 loc.
972 2652 1024 2685 cit.
1328 2658 1341 2676 ³
1357 2653 1408 2683 Fr.
1427 2655 1455 2683 8.

209 2709 220 2725 ⁴
237 2707 278 2739 Τὁ
290 2704 319 2737 δὲ
336 2706 427 2749 παρὰ
444 2706 560 2749 Κριτῖφ
575 2705 604 2737 ὲν
619 2707 692 2742 ταῖς
705 2701 873 2745 'ommim
886 2703 1062 2747 “ὀρσο’της.’“
1082 2704 1196 2736 Herod.
1212 2704 1280 2743 (Ed.
1296 2704 1403 2744 Lentz)
1419 2704 1463 2737 ΙΙ.
1481 2706 1555 2737 946.

209 2763 221 2780 ⁵
237 2760 282 2791 Of.
301 2759 395 2798 Bach,
413 2758 467 2791 loc.
486 2759 536 2792 cit.
