<?xml version="1.0" encoding="UTF-8"?>
<!DOCTYPE html PUBLIC "-//W3C//DTD XHTML 1.0 Transitional//EN"
    "http://www.w3.org/TR/xhtml1/DTD/xhtml1-transitional.dtd">
<html xmlns="http://www.w3.org/1999/xhtml" xml:lang="en" lang="en">
 <head>
  <title>
</title>
<meta http-equiv="Content-Type" content="text/html;charset=utf-8" />
  <meta name='ocr-system' content='tesseract 3.04.00' />
  <meta name='ocr-capabilities' content='ocr_page ocr_carea ocr_par ocr_line ocrx_word'/>
</head>
<body>
  <div class='ocr_page' id='page_1' title='image "4737334_0048.png"; bbox 0 0 1783 2968; ppageno 0'>
   <div class='ocr_carea' id='block_1_1' title="bbox 852 235 902 272">
    <p class='ocr_par' dir='ltr' id='par_1_1' title="bbox 852 235 902 272">
     <span class='ocr_line' id='line_1_1' title="bbox 852 235 902 272; baseline 0 0"><span class='ocrx_word' id='word_1_1' title='bbox 852 235 902 272; x_wconf 88' lang='lat'><strong>34</strong></span> 
     </span>
    </p>
   </div>
   <div class='ocr_carea' id='block_1_2' title="bbox 183 339 1575 1268">
    <p class='ocr_par' dir='ltr' id='par_1_2' title="bbox 183 339 1568 451">
     <span class='ocr_line' id='line_1_2' title="bbox 183 339 1568 390; baseline 0 -13"><span class='ocrx_word' id='word_1_2' title='bbox 183 339 340 385; x_wconf 81' lang='lat' dir='ltr'><strong>fuerint,</strong></span> <span class='ocrx_word' id='word_1_3' title='bbox 359 352 407 377; x_wconf 81' lang='lat' dir='ltr'><strong>ex</strong></span> <span class='ocrx_word' id='word_1_4' title='bbox 426 339 481 377; x_wconf 91' lang='lat' dir='ltr'><strong>eis</strong></span> <span class='ocrx_word' id='word_1_5' title='bbox 500 342 670 389; x_wconf 86' lang='lat' dir='ltr'><strong>apparet,</strong></span> <span class='ocrx_word' id='word_1_6' title='bbox 690 351 788 389; x_wconf 87' lang='lat' dir='ltr'><strong>quae</strong></span> <span class='ocrx_word' id='word_1_7' title='bbox 808 339 848 377; x_wconf 89' lang='lat' dir='ltr'><strong>in</strong></span> <span class='ocrx_word' id='word_1_8' title='bbox 865 352 1019 389; x_wconf 87' lang='lat' dir='ltr'><strong>corpore</strong></span> <span class='ocrx_word' id='word_1_9' title='bbox 1039 339 1314 377; x_wconf 84' lang='lat' dir='ltr'><strong>Demosthenis</strong></span> <span class='ocrx_word' id='word_1_10' title='bbox 1340 339 1568 390; x_wconf 86' lang='lat' dir='ltr'><strong>scriptorum</strong></span> 
     </span>
     <span class='ocr_line' id='line_1_3' title="bbox 185 401 1396 451; baseline -0.001 -11"><span class='ocrx_word' id='word_1_11' title='bbox 185 405 398 447; x_wconf 85' lang='lat' dir='ltr'><strong>servantur,</strong></span> <span class='ocrx_word' id='word_1_12' title='bbox 418 414 554 451; x_wconf 90' lang='lat' dir='ltr'><strong>neque,</strong></span> <span class='ocrx_word' id='word_1_13' title='bbox 573 401 722 440; x_wconf 86' lang='lat' dir='ltr'><strong>Blassio</strong></span> <span class='ocrx_word' id='word_1_14' title='bbox 737 401 879 451; x_wconf 83' lang='lat' dir='ltr'><strong>judice,</strong></span> <span class='ocrx_word' id='word_1_15' title='bbox 898 402 989 439; x_wconf 87' lang='lat' dir='ltr'><strong>huic</strong></span> <span class='ocrx_word' id='word_1_16' title='bbox 1008 401 1264 451; x_wconf 86' lang='lat' dir='ltr'><strong>abjudicanda</strong></span> <span class='ocrx_word' id='word_1_17' title='bbox 1281 405 1396 440; x_wconf 88' lang='lat' dir='ltr'><strong>sunt.¹</strong></span> 
     </span>
    </p>

    <p class='ocr_par' dir='ltr' id='par_1_3' title="bbox 184 464 1575 1268">
     <span class='ocr_line' id='line_1_4' title="bbox 237 464 1570 515; baseline 0 -13"><span class='ocrx_word' id='word_1_18' title='bbox 237 465 375 503; x_wconf 90' lang='lat' dir='ltr'><strong>Restat</strong></span> <span class='ocrx_word' id='word_1_19' title='bbox 401 467 532 502; x_wconf 88' lang='lat' dir='ltr'><strong>tamen</strong></span> <span class='ocrx_word' id='word_1_20' title='bbox 561 464 736 515; x_wconf 83' lang='lat' dir='ltr'>quaestio</span> <span class='ocrx_word' id='word_1_21' title='bbox 764 477 814 502; x_wconf 88' lang='lat' dir='ltr'><strong>an</strong></span> <span class='ocrx_word' id='word_1_22' title='bbox 839 464 935 503; x_wconf 84' lang='lat' dir='ltr'><strong>haec</strong></span> <span class='ocrx_word' id='word_1_23' title='bbox 962 476 1075 515; x_wconf 83' lang='lat' dir='ltr'><strong>opera</strong></span> <span class='ocrx_word' id='word_1_24' title='bbox 1099 477 1140 503; x_wconf 87' lang='lat' dir='ltr'><strong>re</strong></span> <span class='ocrx_word' id='word_1_25' title='bbox 1167 476 1257 503; x_wconf 87' lang='lat' dir='ltr'><strong>vera</strong></span> <span class='ocrx_word' id='word_1_26' title='bbox 1285 477 1308 502; x_wconf 87' lang='lat' dir='ltr'><strong>a</strong></span> <span class='ocrx_word' id='word_1_27' title='bbox 1336 464 1458 503; x_wconf 84' lang='lat' dir='ltr'><strong>Critia</strong></span> <span class='ocrx_word' id='word_1_28' title='bbox 1480 477 1570 503; x_wconf 89' lang='lat' dir='ltr'><strong>con-</strong></span> 
     </span>
     <span class='ocr_line' id='line_1_5' title="bbox 184 527 1573 578; baseline 0 -12"><span class='ocrx_word' id='word_1_29' title='bbox 184 528 328 578; x_wconf 88' lang='lat' dir='ltr'><strong>scripta</strong></span> <span class='ocrx_word' id='word_1_30' title='bbox 347 527 435 566; x_wconf 90' lang='lat' dir='ltr'><strong>sint.</strong></span> <span class='ocrx_word' id='word_1_31' title='bbox 493 527 690 566; x_wconf 78' lang='lat' dir='ltr'>Ciceronis</span> <span class='ocrx_word' id='word_1_32' title='bbox 715 531 818 566; x_wconf 88' lang='lat' dir='ltr'><strong>certe</strong></span> <span class='ocrx_word' id='word_1_33' title='bbox 845 527 1112 567; x_wconf 89' lang='lat' dir='ltr'><strong>testimonium</strong></span> <span class='ocrx_word' id='word_1_34' title='bbox 1136 527 1249 577; x_wconf 85' lang='lat' dir='ltr'><strong>parvi</strong></span> <span class='ocrx_word' id='word_1_35' title='bbox 1274 530 1333 566; x_wconf 86' lang='lat' dir='ltr'><strong>est</strong></span> <span class='ocrx_word' id='word_1_36' title='bbox 1361 527 1573 566; x_wconf 77' lang='lat' dir='ltr'>momenti:</span> 
     </span>
     <span class='ocr_line' id='line_1_6' title="bbox 184 590 1571 640; baseline -0.001 -11"><span class='ocrx_word' id='word_1_37' title='bbox 184 591 330 629; x_wconf 88' lang='lat' dir='ltr'>ibidem</span> <span class='ocrx_word' id='word_1_38' title='bbox 351 590 454 629; x_wconf 91' lang='lat' dir='ltr'><strong>enim</strong></span> <span class='ocrx_word' id='word_1_39' title='bbox 474 591 676 637; x_wconf 86' lang='lat' dir='ltr'><strong>orationes,</strong></span> <span class='ocrx_word' id='word_1_40' title='bbox 687 590 792 629; x_wconf 86' lang='lat' dir='ltr'><strong>haud</strong></span> <span class='ocrx_word' id='word_1_41' title='bbox 812 591 927 629; x_wconf 90' lang='lat' dir='ltr'><strong>dubie</strong></span> <span class='ocrx_word' id='word_1_42' title='bbox 946 590 1106 640; x_wconf 86' lang='lat' dir='ltr'><strong>spurias,</strong></span> <span class='ocrx_word' id='word_1_43' title='bbox 1120 590 1280 629; x_wconf 85' lang='lat' dir='ltr'>Periclis</span> <span class='ocrx_word' id='word_1_44' title='bbox 1299 594 1338 629; x_wconf 94' lang='lat' dir='ltr'><strong>et</strong></span> <span class='ocrx_word' id='word_1_45' title='bbox 1355 590 1571 629; x_wconf 84' lang='lat' dir='ltr'><strong>Alcibiadis</strong></span> 
     </span>
     <span class='ocr_line' id='line_1_7' title="bbox 184 653 1572 704; baseline 0 -13"><span class='ocrx_word' id='word_1_46' title='bbox 184 654 328 699; x_wconf 88' lang='lat' dir='ltr'><strong>laudat,</strong></span> <span class='ocrx_word' id='word_1_47' title='bbox 348 654 403 691; x_wconf 88' lang='lat' dir='ltr'><strong>ita</strong></span> <span class='ocrx_word' id='word_1_48' title='bbox 431 658 476 692; x_wconf 91' lang='lat' dir='ltr'><strong>ut</strong></span> <span class='ocrx_word' id='word_1_49' title='bbox 503 654 587 692; x_wconf 87' lang='lat' dir='ltr'><strong>fieri</strong></span> <span class='ocrx_word' id='word_1_50' title='bbox 615 654 746 704; x_wconf 91' lang='lat' dir='ltr'><strong>possit,</strong></span> <span class='ocrx_word' id='word_1_51' title='bbox 766 658 811 692; x_wconf 90' lang='lat' dir='ltr'><strong>ut</strong></span> <span class='ocrx_word' id='word_1_52' title='bbox 840 654 969 692; x_wconf 82' lang='lat' dir='ltr'><strong>rhetor</strong></span> <span class='ocrx_word' id='word_1_53' title='bbox 986 653 1114 692; x_wconf 89' lang='lat' dir='ltr'><strong>nescio</strong></span> <span class='ocrx_word' id='word_1_54' title='bbox 1133 654 1220 703; x_wconf 88' lang='lat' dir='ltr'><strong>quis</strong></span> <span class='ocrx_word' id='word_1_55' title='bbox 1251 653 1392 692; x_wconf 76' lang='lat' dir='ltr'><strong>Critiae</strong></span> <span class='ocrx_word' id='word_1_56' title='bbox 1420 666 1572 704; x_wconf 90' lang='lat' dir='ltr'><strong>quoque</strong></span> 
     </span>
     <span class='ocr_line' id='line_1_8' title="bbox 187 715 1571 766; baseline -0.001 -13"><span class='ocrx_word' id='word_1_57' title='bbox 187 716 381 766; x_wconf 85' lang='lat' dir='ltr'><strong>prooemia</strong></span> <span class='ocrx_word' id='word_1_58' title='bbox 399 719 515 765; x_wconf 82' lang='lat' dir='ltr'><strong>atque</strong></span> <span class='ocrx_word' id='word_1_59' title='bbox 531 728 646 766; x_wconf 86' lang='lat' dir='ltr'><strong>opera</strong></span> <span class='ocrx_word' id='word_1_60' title='bbox 665 716 807 754; x_wconf 86' lang='lat' dir='ltr'><strong>similia</strong></span> <span class='ocrx_word' id='word_1_61' title='bbox 823 721 911 754; x_wconf 90' lang='lat' dir='ltr'><strong>ante</strong></span> <span class='ocrx_word' id='word_1_62' title='bbox 928 715 1123 754; x_wconf 87' lang='lat' dir='ltr'><strong>Ciceronis</strong></span> <span class='ocrx_word' id='word_1_63' title='bbox 1138 719 1303 754; x_wconf 87' lang='lat' dir='ltr'><strong>aetatem</strong></span> <span class='ocrx_word' id='word_1_64' title='bbox 1318 715 1571 765; x_wconf 74' lang='lat' dir='ltr'><strong>supposuerit.</strong></span> 
     </span>
     <span class='ocr_line' id='line_1_9' title="bbox 186 778 1572 828; baseline 0 -13"><span class='ocrx_word' id='word_1_65' title='bbox 186 780 383 823; x_wconf 89' lang='lat' dir='ltr'><strong>Attamen,</strong></span> <span class='ocrx_word' id='word_1_66' title='bbox 410 778 542 815; x_wconf 90' lang='lat' dir='ltr'><strong>omnia</strong></span> <span class='ocrx_word' id='word_1_67' title='bbox 569 791 667 828; x_wconf 88' lang='lat' dir='ltr'><strong>quae</strong></span> <span class='ocrx_word' id='word_1_68' title='bbox 696 779 920 828; x_wconf 90' lang='lat' dir='ltr'><strong>Dionysius,</strong></span> <span class='ocrx_word' id='word_1_69' title='bbox 948 778 1220 828; x_wconf 81' lang='lat' dir='ltr'><strong>Hermogenes,</strong></span> <span class='ocrx_word' id='word_1_70' title='bbox 1240 778 1497 816; x_wconf 87' lang='lat' dir='ltr'><strong>Philostratus</strong></span> <span class='ocrx_word' id='word_1_71' title='bbox 1526 778 1572 816; x_wconf 92' lang='lat' dir='ltr'><strong>de</strong></span> 
     </span>
     <span class='ocr_line' id='line_1_10' title="bbox 185 840 1573 891; baseline 0 -13"><span class='ocrx_word' id='word_1_72' title='bbox 185 842 257 879; x_wconf 89' lang='lat' dir='ltr'><strong>hac</strong></span> <span class='ocrx_word' id='word_1_73' title='bbox 276 854 317 879; x_wconf 85' lang='lat' dir='ltr'><strong>re</strong></span> <span class='ocrx_word' id='word_1_74' title='bbox 337 841 508 887; x_wconf 91' lang='lat' dir='ltr'><strong>tradunt,</strong></span> <span class='ocrx_word' id='word_1_75' title='bbox 528 841 569 878; x_wconf 91' lang='lat' dir='ltr'><strong>in</strong></span> <span class='ocrx_word' id='word_1_76' title='bbox 589 854 634 879; x_wconf 88' lang='lat' dir='ltr'><strong>ea</strong></span> <span class='ocrx_word' id='word_1_77' title='bbox 648 842 793 891; x_wconf 88' lang='lat' dir='ltr'><strong>optime</strong></span> <span class='ocrx_word' id='word_1_78' title='bbox 812 841 1058 886; x_wconf 86' lang='lat' dir='ltr'><strong>conveniunt,</strong></span> <span class='ocrx_word' id='word_1_79' title='bbox 1071 853 1169 890; x_wconf 87' lang='lat' dir='ltr'><strong>quae</strong></span> <span class='ocrx_word' id='word_1_80' title='bbox 1189 841 1235 878; x_wconf 92' lang='lat' dir='ltr'><strong>de</strong></span> <span class='ocrx_word' id='word_1_81' title='bbox 1257 841 1398 879; x_wconf 86' lang='lat' dir='ltr'><strong>Critiae</strong></span> <span class='ocrx_word' id='word_1_82' title='bbox 1417 840 1573 891; x_wconf 85' lang='lat' dir='ltr'><strong>ingenio</strong></span> 
     </span>
     <span class='ocr_line' id='line_1_11' title="bbox 187 902 1573 955; baseline -0.001 -13"><span class='ocrx_word' id='word_1_83' title='bbox 187 904 460 955; x_wconf 85' lang='lat' dir='ltr'><strong>cognovimus;</strong></span> <span class='ocrx_word' id='word_1_84' title='bbox 488 917 578 941; x_wconf 88' lang='lat' dir='ltr'><strong>nam</strong></span> <span class='ocrx_word' id='word_1_85' title='bbox 591 904 673 954; x_wconf 89' lang='lat' dir='ltr'><strong>ipse</strong></span> <span class='ocrx_word' id='word_1_86' title='bbox 692 904 910 954; x_wconf 88' lang='lat' dir='ltr'><strong>Xenophon</strong></span> <span class='ocrx_word' id='word_1_87' title='bbox 929 903 1040 942; x_wconf 85' lang='lat' dir='ltr'><strong>testis</strong></span> <span class='ocrx_word' id='word_1_88' title='bbox 1055 906 1113 942; x_wconf 88' lang='lat' dir='ltr'><strong>est</strong></span> <span class='ocrx_word' id='word_1_89' title='bbox 1133 902 1291 941; x_wconf 85' lang='lat' dir='ltr'><strong>Critiam</strong></span> <span class='ocrx_word' id='word_1_90' title='bbox 1314 903 1573 953; x_wconf 86' lang='lat' dir='ltr'><strong>eloquentiam</strong></span> 
     </span>
     <span class='ocr_line' id='line_1_12' title="bbox 187 966 1574 1017; baseline 0 -12"><span class='ocrx_word' id='word_1_91' title='bbox 187 980 338 1006; x_wconf 90' lang='lat' dir='ltr'><strong>summo</strong></span> <span class='ocrx_word' id='word_1_92' title='bbox 355 967 484 1005; x_wconf 83' lang='lat' dir='ltr'><strong>studio</strong></span> <span class='ocrx_word' id='word_1_93' title='bbox 500 966 671 1005; x_wconf 87' lang='lat' dir='ltr'><strong>coluisse.</strong></span> <span class='ocrx_word' id='word_1_94' title='bbox 703 967 805 1014; x_wconf 81' lang='lat' dir='ltr'><strong>Quid</strong></span> <span class='ocrx_word' id='word_1_95' title='bbox 821 967 938 1017; x_wconf 85' lang='lat' dir='ltr'><strong>igitur</strong></span> <span class='ocrx_word' id='word_1_96' title='bbox 954 966 1051 1012; x_wconf 82' lang='lat' dir='ltr'><strong>miri,</strong></span> <span class='ocrx_word' id='word_1_97' title='bbox 1064 967 1097 1004; x_wconf 90' lang='lat' dir='ltr'><strong>si</strong></span> <span class='ocrx_word' id='word_1_98' title='bbox 1111 967 1179 1012; x_wconf 89' lang='lat' dir='ltr'><strong>vir,</strong></span> <span class='ocrx_word' id='word_1_99' title='bbox 1193 979 1282 1016; x_wconf 88' lang='lat' dir='ltr'><strong>prae</strong></span> <span class='ocrx_word' id='word_1_100' title='bbox 1298 967 1433 1005; x_wconf 88' lang='lat' dir='ltr'><strong>ceteris</strong></span> <span class='ocrx_word' id='word_1_101' title='bbox 1447 966 1574 1005; x_wconf 86' lang='lat' dir='ltr'><strong>laudis</strong></span> 
     </span>
     <span class='ocr_line' id='line_1_13' title="bbox 187 1026 1571 1080; baseline -0.001 -12"><span class='ocrx_word' id='word_1_102' title='bbox 187 1030 363 1080; x_wconf 88' lang='lat' dir='ltr'><strong>cupidus,</strong></span> <span class='ocrx_word' id='word_1_103' title='bbox 384 1030 452 1080; x_wconf 89' lang='lat' dir='ltr'><strong>qui</strong></span> <span class='ocrx_word' id='word_1_104' title='bbox 479 1034 537 1068; x_wconf 90' lang='lat' dir='ltr'><strong>tot</strong></span> <span class='ocrx_word' id='word_1_105' title='bbox 556 1034 595 1068; x_wconf 87' lang='lat' dir='ltr'><strong>et</strong></span> <span class='ocrx_word' id='word_1_106' title='bbox 613 1035 692 1067; x_wconf 86' lang='lat' dir='ltr'><strong>tam</strong></span> <span class='ocrx_word' id='word_1_107' title='bbox 719 1026 834 1068; x_wconf 58' lang='lat' dir='ltr'><strong>varia‘</strong></span> <span class='ocrx_word' id='word_1_108' title='bbox 849 1030 1079 1068; x_wconf 86' lang='lat' dir='ltr'><strong>documenta</strong></span> <span class='ocrx_word' id='word_1_109' title='bbox 1106 1029 1253 1079; x_wconf 86' lang='lat' dir='ltr'><strong>ingenii</strong></span> <span class='ocrx_word' id='word_1_110' title='bbox 1280 1029 1412 1075; x_wconf 88' lang='lat' dir='ltr'><strong>edidit,</strong></span> <span class='ocrx_word' id='word_1_111' title='bbox 1432 1030 1571 1067; x_wconf 81' lang='lat' dir='ltr'><strong>famam</strong></span> 
     </span>
     <span class='ocr_line' id='line_1_14' title="bbox 188 1092 1575 1143; baseline -0.001 -11"><span class='ocrx_word' id='word_1_112' title='bbox 188 1093 746 1143; x_wconf 86' lang='lat' dir='ltr'><strong>aequalium—Antiphontem</strong></span> <span class='ocrx_word' id='word_1_113' title='bbox 777 1093 861 1132; x_wconf 93' lang='lat' dir='ltr'><strong>dico</strong></span> <span class='ocrx_word' id='word_1_114' title='bbox 894 1097 933 1131; x_wconf 89' lang='lat' dir='ltr'><strong>et</strong></span> <span class='ocrx_word' id='word_1_115' title='bbox 964 1092 1575 1143; x_wconf 86' lang='lat' dir='ltr'><strong>Thrasymachum—aemulatus,</strong></span> 
     </span>
     <span class='ocr_line' id='line_1_15' title="bbox 188 1156 1574 1205; baseline 0 -13"><span class='ocrx_word' id='word_1_116' title='bbox 188 1156 430 1205; x_wconf 85' lang='lat' dir='ltr'><strong>eloquentiae</strong></span> <span class='ocrx_word' id='word_1_117' title='bbox 457 1159 707 1193; x_wconf 87' lang='lat' dir='ltr'><strong>monumenta</strong></span> <span class='ocrx_word' id='word_1_118' title='bbox 732 1156 873 1193; x_wconf 90' lang='lat' dir='ltr'><strong>litteris</strong></span> <span class='ocrx_word' id='word_1_119' title='bbox 897 1156 1104 1193; x_wconf 87' lang='lat' dir='ltr'><strong>mandavit.</strong></span> <span class='ocrx_word' id='word_1_120' title='bbox 1161 1156 1267 1201; x_wconf 84' lang='lat' dir='ltr'><strong>Quae</strong></span> <span class='ocrx_word' id='word_1_121' title='bbox 1293 1168 1381 1193; x_wconf 79' lang='lat' dir='ltr'><strong>cuni</strong></span> <span class='ocrx_word' id='word_1_122' title='bbox 1406 1156 1461 1192; x_wconf 89' lang='lat' dir='ltr'><strong>ita</strong></span> <span class='ocrx_word' id='word_1_123' title='bbox 1486 1156 1574 1200; x_wconf 87' lang='lat' dir='ltr'><strong>sint,</strong></span> 
     </span>
     <span class='ocr_line' id='line_1_16' title="bbox 189 1218 1384 1268; baseline -0.001 -12"><span class='ocrx_word' id='word_1_124' title='bbox 189 1231 257 1268; x_wconf 82' lang='lat' dir='ltr'><strong>ego</strong></span> <span class='ocrx_word' id='word_1_125' title='bbox 276 1231 367 1256; x_wconf 88' lang='lat' dir='ltr'><strong>vero</strong></span> <span class='ocrx_word' id='word_1_126' title='bbox 388 1231 463 1255; x_wconf 87' lang='lat' dir='ltr'><strong>non</strong></span> <span class='ocrx_word' id='word_1_127' title='bbox 485 1218 618 1262; x_wconf 88' lang='lat' dir='ltr'><strong>ausim,</strong></span> <span class='ocrx_word' id='word_1_128' title='bbox 641 1218 783 1255; x_wconf 85' lang='lat' dir='ltr'><strong>Critiae</strong></span> <span class='ocrx_word' id='word_1_129' title='bbox 803 1218 947 1268; x_wconf 88' lang='lat' dir='ltr'><strong>scripta</strong></span> <span class='ocrx_word' id='word_1_130' title='bbox 966 1218 1132 1256; x_wconf 88' lang='lat' dir='ltr'><strong>oratoria</strong></span> <span class='ocrx_word' id='word_1_131' title='bbox 1152 1218 1384 1268; x_wconf 84' lang='lat' dir='ltr'><strong>abjudicare.</strong></span> 
     </span>
    </p>
   </div>
   <div class='ocr_carea' id='block_1_3' title="bbox 619 1322 1147 1365">
    <p class='ocr_par' dir='ltr' id='par_1_4' title="bbox 619 1322 1147 1365">
     <span class='ocr_line' id='line_1_17' title="bbox 619 1322 1147 1365; baseline 0 -9"><span class='ocrx_word' id='word_1_132' title='bbox 619 1322 625 1338; x_wconf 89' lang='lat'><strong>¹</strong></span> <span class='ocrx_word' id='word_1_133' title='bbox 644 1322 693 1356; x_wconf 84' lang='lat' dir='ltr'><strong>Of.</strong></span> <span class='ocrx_word' id='word_1_134' title='bbox 711 1323 810 1364; x_wconf 80' lang='lat' dir='ltr'><strong>Blass,</strong></span> <span class='ocrx_word' id='word_1_135' title='bbox 827 1323 1058 1365; x_wconf 73' lang='lat' dir='ltr'><strong>Demosthenes,</strong></span> <span class='ocrx_word' id='word_1_136' title='bbox 1075 1326 1147 1357; x_wconf 79' lang='lat'>325.</span> 
     </span>
    </p>
   </div>
  </div>
 </body>
</html>
