1783 2968
901 236 951 276 27

235 343 615 394 interrogatiunculis
642 343 824 388 irretitus,
844 343 991 380 invitus
1019 343 1225 392 respondet
1252 346 1291 380 et
1318 356 1468 381 summa
1489 344 1613 393 petul-

236 409 341 446 antia
370 408 410 444 in
437 405 698 444 adversarium
728 406 949 443 invehitur.l
1004 406 1112 443 Idem
1142 406 1423 455 philosophiam
1458 407 1498 443 in
1528 407 1612 443 uni-

236 483 390 508 versum
419 469 641 513 contemnit,
669 472 855 517 tanquam
883 468 1081 517 negotium
1109 469 1202 506 viris
1234 469 1377 507 adultis
1411 470 1613 519 indignum

237 537 441 582 censetque
483 531 608 568 civem
649 530 986 580 philosophantem
1027 531 1150 581 plagis
1191 532 1459 582 castigandum
1506 536 1611 570 esse.²

236 596 342 641 Quae
375 594 502 632 omnia
535 606 557 631 a
590 593 732 631 Critiae
765 594 920 644 ingenio
948 607 1064 644 quam
1098 595 1264 632 maxime
1293 595 1509 641 abhorrent,
1536 596 1614 646 qui,

235 663 279 696 ut
299 670 414 707 supra
434 657 614 701 vidimus,
634 657 800 694 Socratis
820 656 1021 694 familiaris
1049 657 1087 694 in
1110 657 1375 708 philosophiae
1394 659 1614 709 quaestion-

234 722 322 759 ibus
350 720 560 759 enodandis
589 723 773 765 versatus,
802 733 890 757 cum
922 721 1105 770 magistro
1138 721 1360 771 saepissime
1394 726 1432 759 et
1465 735 1615 760 summa

236 784 454 821 urbanitate
474 782 687 831 disceptare
706 782 861 820 solebat.
919 783 1024 820 Illud
1052 796 1205 833 quoque
1233 796 1254 821 a
1284 785 1425 821 Cronio
1444 785 1616 822 adfertur

236 846 340 896 quod
378 844 556 883 Callicles
590 844 776 881 nonnulla
808 857 897 882 cum
935 845 1206 894 Xenophontis
1241 845 1361 883 Critia
1394 847 1613 884 communia

235 908 359 945 habet.
427 907 502 944 Sed
534 907 614 956 jam
650 907 897 956 cognovimus
930 912 1076 956 quanto
1113 908 1384 958 Xenophontis
1423 909 1561 947 Critias
1594 923 1616 947 a

235 970 409 1007 Platonis
437 969 577 1007 distet:
606 969 705 1006 nihil
732 973 862 1007 tamen
891 982 1026 1007 causae
1055 970 1251 1015 habemus,
1279 983 1348 1008 cur
1375 972 1616 1021 suspicemur

235 1033 437 1069 Platonem
456 1032 530 1069 sibi
549 1031 643 1069 adeo
662 1044 738 1068 non
758 1032 976 1069 constitisse
992 1035 1036 1069 ut
1056 1045 1132 1069 uno
1152 1032 1191 1069 in
1210 1033 1348 1081 Gorqia
1366 1033 1615 1083 Xenophonti

235 1095 466 1143 suffragatus
499 1094 557 1131 sit.
627 1094 763 1143 Neque
796 1106 886 1131 vero
922 1095 1044 1143 major
1075 1098 1203 1132 exstat
1240 1096 1341 1132 inter
1378 1096 1539 1134 Critiam
1577 1101 1616 1133 et

235 1157 435 1195 Calliclem
463 1156 677 1193 similitudo
696 1168 812 1205 quam
831 1169 929 1206 quae
957 1157 1058 1194 inter
1080 1157 1245 1206 juvenes
1273 1158 1452 1207 aequales
1480 1158 1613 1196 eadem

233 1221 274 1257 in
294 1220 388 1257 urbe
417 1224 455 1256 et
483 1219 619 1256 iisdem
639 1219 717 1256 fere
746 1219 883 1256 studiis
912 1219 1080 1257 eruditos
1105 1220 1363 1269 exspectanda.
1391 1221 1450 1258 sit.
1507 1221 1613 1267 Quae

233 1295 320 1319 cum
350 1282 406 1318 ita
433 1281 512 1318 sint
539 1280 579 1316 in
608 1280 923 1329 interpretatione
944 1281 1117 1326 sollenni,
1137 1294 1159 1318 a
1178 1282 1409 1319 doctissimis
1438 1282 1611 1320 Platonis

234 1343 600 1382 commentatoribus
628 1343 882 1392 comprobata,
902 1344 1101 1393 acquiesco
1133 1344 1389 1394 Gorgiamque
1410 1358 1429 1383 e
1450 1358 1611 1383 numero

234 1409 418 1445 librorum
439 1406 687 1444 eximendum
707 1419 839 1444 censeo
859 1407 925 1456 qui
944 1407 992 1444 ad
1013 1408 1174 1445 Critiam
1195 1408 1400 1457 pertinent.

285 1470 363 1520 §3
403 1468 667 1506 Nihilominus
696 1480 873 1517 expressa
901 1469 1126 1506 Philostrati
1154 1469 1375 1507 testimonia
1403 1470 1613 1507 conficiunt

234 1532 398 1570 Critiam
416 1544 455 1568 re
475 1543 565 1568 vera
594 1530 757 1580 Gorgiae
785 1530 1017 1580 discipulum
1037 1531 1180 1569 fuisse.³
1235 1531 1321 1577 Qua
1340 1532 1386 1570 de
1406 1535 1612 1569 consuetu—

235 1596 335 1640 dine,
368 1606 602 1644 quamquam
634 1593 786 1643 singula
818 1606 896 1631 non
929 1594 1157 1643 accepimus,
1185 1595 1278 1632 satis
1307 1597 1366 1632 est
1392 1595 1604 1632 verisimile

234 1672 317 1696 eam
357 1657 543 1707 originem
582 1657 630 1694 ab
669 1668 769 1693 anno
808 1656 886 1696 427
924 1669 954 1694 a.
996 1656 1081 1694 Chr.
1122 1656 1288 1701 (luxisse,
1328 1669 1404 1706 quo
1447 1657 1608 1707 Gorgias

235 1721 412 1759 Athenas
439 1719 606 1769 primum
636 1718 828 1764 devectus,
848 1719 887 1756 vi
907 1718 1147 1769 eloquentiae
1166 1720 1338 1758 Atticam
1362 1721 1611 1770 juventutem

233 1785 281 1822 ad
310 1783 603 1821 admirationem
634 1782 693 1819 sui
726 1782 926 1831 permovitae
994 1782 1111 1819 Haud
1145 1782 1277 1819 multis
1306 1783 1418 1820 annis
1447 1787 1535 1831 post
1567 1784 1606 1819 in

232 1846 435 1885 Graeciam
463 1857 638 1883 reversus
658 1844 866 1894 discipulos
885 1856 932 1882 ex
950 1845 1128 1882 omnibus
1149 1844 1307 1883 urbibus
1326 1844 1374 1883 ad
1395 1857 1435 1883 se
1454 1844 1609 1884 allicere

233 1911 368 1959 coepit.
426 1910 511 1955 Quo
538 1912 719 1957 tempore,
739 1908 781 1944 ni
800 1908 921 1952 fallor,
944 1908 1083 1945 Critias
1111 1920 1276 1957 operam,
1295 1908 1423 1945 adhuc
1450 1908 1491 1944 in
1522 1909 1611 1946 Soc-

233 1974 326 2010 ratis
359 1970 605 2021 disciplinam
639 1970 863 2020 impensam,
891 1970 932 2007 in
966 1970 1128 2019 Gorgiae
1156 1969 1372 2008 rhetoricen
1399 1970 1612 2016 transtulit,

232 2041 271 2075 et
312 2037 471 2073 fortasse
512 2034 739 2083 magistrum
779 2033 820 2070 in
862 2032 1109 2078 Thessaliam,
1148 2032 1354 2071 rhetorices
1396 2034 1612 2083 Gorgianae

231 2099 361 2136 sedem
403 2096 700 2141 celeberrimam,
741 2098 927 2145 sequutus
967 2095 1156 2133 amicitias
1198 2095 1429 2141 conciliavit,
1470 2097 1612 2146 quibus

231 2162 357 2207 nixus,
376 2164 510 2211 postea
530 2172 569 2197 se
594 2158 828 2208 reipublicae
856 2158 1123 2196 Thessalorum
1151 2158 1372 2197 immiscuit.
1429 2159 1608 2197 Ceterum

231 2238 279 2263 ne
300 2226 338 2261 in
360 2223 589 2272 conjecturis
609 2233 745 2271 parum
766 2222 879 2259 certis
899 2221 1045 2258 diutius
1065 2233 1351 2266 commoremur,
1371 2234 1612 2271 quaeramus,

231 2288 326 2339 quid
354 2287 402 2325 de
430 2285 574 2324 Critiae
593 2297 682 2322 cum
710 2284 850 2334 Gorgia
879 2284 1155 2323 consuetudine
1175 2296 1222 2322 ex
1242 2284 1395 2334 scriptis
1415 2285 1498 2335 ejus
1525 2298 1612 2336 cog-

230 2351 337 2389 nosci
357 2349 486 2400 possit.
544 2347 629 2393 Qua
647 2347 688 2384 in
708 2360 749 2385 re
774 2360 797 2385 a
811 2348 922 2385 docta
942 2347 1082 2385 Dielsii
1101 2348 1423 2386 commentatione
1442 2348 1611 2386 exordiri

230 2416 391 2464 oportet,
420 2423 518 2461 quae
543 2410 659 2460 justis
687 2410 925 2460 argumentis
957 2409 1205 2455 demonstrat,
1233 2409 1415 2460 Gorgiam
1448 2423 1537 2449 cum
1568 2412 1609 2449 in

272 2541 280 2558 ¹
299 2542 364 2572 Οὔκ
380 2538 431 2571 οἶδ’
448 2537 541 2572 ἅττα
556 2536 665 2576 λέγεις,
682 2539 702 2569 ὧ
720 2536 883 2579 Σώκρατες,
901 2535 975 2567 ἀλλ’
989 2538 1087 2568 ἄλλον
1101 2536 1177 2570 τινὰ
1191 2535 1288 2580 {ebra
1318 2562 1326 2571 .
1356 2562 1363 2570 .
1391 2562 1398 2570 .
1431 2536 1494 2569 οὐδέ
1510 2538 1547 2577 γέ
1558 2551 1613 2579 μοι

228 2596 315 2636 μέλει
333 2593 411 2626 οὐδὲν
422 2593 461 2625 ὧν
476 2592 511 2624 σὺ
526 2592 637 2632 λέγεις,
654 2591 709 2622 καὶ
726 2591 838 2624 ταῦτά
854 2604 897 2623 σοι
914 2592 1039 2634 Γοργίου
1054 2591 1146 2630 χάριν
1161 2589 1385 2633 ἀπεκρινάμην,
1402 2593 1463 2623 505
1480 2590 1512 2624 C.

270 2646 282 2662 ²
296 2648 373 2681 ὅταν
385 2645 415 2679 δὲ
426 2646 461 2684 δὴ
474 2643 669 2690 πρεσβύτερον
679 2643 729 2677 ἴδω
741 2644 788 2677 ἔτι
804 2645 1032 2683 φιλοσοφοῦντα
1048 2643 1103 2675 καὶ
1119 2644 1165 2685 μὴ
1177 2645 1468 2686 ἁπαλλαιττόμενον
1482 2647 1611 2685 τληγῖιν

228 2714 283 2743 μοι
299 2700 379 2734 δοκεῖ
392 2700 445 2739 ἤδη
460 2700 572 2733 δεῖσθαι
588 2698 611 2731 ὦ
626 2698 783 2743 Σῶκροιτες
798 2700 888 2732 οὗτος
908 2699 923 2730 ό
937 2696 1022 2741 ἀνήρ,
1041 2702 1101 2731 485
1117 2698 1156 2729 D.

273 2757 285 2776 ³
304 2754 384 2787 Test.
401 2754 478 2787 Ant.
496 2753 559 2786 III.
579 2756 607 2794 1,
623 2757 652 2794 2,
669 2755 698 2785 3.
