1783 2968
774 649 884 687 CAP.
923 649 975 686 ΙΙ.

234 753 258 805 ξ
276 755 306 791 1.
326 754 352 792 J
356 754 493 792 udiciis
508 754 601 792 satis
620 754 732 792 certis
747 754 947 792 conficitur
963 753 1122 791 Critiam
1139 753 1238 790 circa
1257 766 1403 790 annum
1418 753 1561 794 455154

181 820 270 853 ante
309 816 507 854 Christum
544 820 678 853 natum
715 816 756 852 in
792 816 918 853 lucem
956 815 1103 853 editum
1141 818 1247 853 esse.¹
1302 815 1501 864 Originem
1540 827 1562 851 a

181 877 355 927 Dropida
393 878 469 924 illo,
499 878 648 916 Solonis
677 878 858 916 familiari
896 882 935 916 et
974 881 1144 928 cognato,
1174 877 1295 923 duxit,
1324 878 1391 928 qui
1420 877 1493 915 sibi
1521 877 1561 913 in

182 940 380 990 republica
405 941 570 991 gerenda
598 954 776 991 magnam
804 945 1004 991 pepererat
1032 941 1199 979 famam.⁹
1252 941 1437 991 Ejusdem
1459 940 1561 977 filius

184 1003 323 1041 Critias
344 1004 465 1041 flavus
485 1003 579 1041 adeo
598 1016 619 1041 a
639 1003 758 1053 patris
779 1004 924 1041 virtute
953 1003 1182 1047 declinabat,
1203 1007 1248 1040 ut
1275 1003 1364 1041 Solo
1384 1003 1561 1053 quamvis

181 1065 376 1114 Dropidae
396 1066 586 1103 familiam
605 1066 795 1103 celebrare
814 1066 950 1104 solitus
970 1079 1094 1103 mores
1123 1066 1240 1115 hujus
1263 1066 1422 1115 juvenis
1442 1066 1561 1103 versi-

184 1127 253 1164 bus
291 1127 436 1176 publici
467 1128 567 1176 juris
604 1128 716 1165 factis
749 1128 976 1177 castigaret.³
1030 1128 1180 1173 Quibus
1218 1128 1325 1165 nisus
1364 1127 1561 1176 Cleophon

184 1191 303 1225 totam
330 1192 483 1238 gentem
513 1188 684 1226 libidinis
713 1189 974 1226 insimulavit:
1016 1197 1152 1238 neque'
1180 1189 1262 1227 sine
1286 1189 1385 1238 juris
1426 1189 1562 1238 specie,

183 1249 348 1286 traditur
376 1250 479 1287 enim
509 1250 669 1287 Critiam
698 1251 889 1299 quendam
919 1251 967 1287 ab
986 1251 1227 1287 Anacreonte
1256 1254 1426 1287 amatum
1456 1253 1562 1287 esse.⁴

184 1311 347 1349 Familia
384 1325 469 1349 cum
509 1312 761 1350 Anacreontis
806 1316 890 1349 tum
933 1312 1095 1349 aliorum
1133 1317 1332 1362 poetarum
1376 1311 1557 1349 laudibus

184 1375 357 1411 floruit:⁵
397 1375 486 1412 fasti
525 1379 656 1412 contra
692 1387 813 1424 nsque
851 1375 899 1412 ad
938 1375 1079 1412 Critiae
1117 1376 1273 1424 tyranni
1310 1379 1472 1412 aetatem
1514 1375 1560 1411 de

184 1437 376 1486 Dropidae
408 1441 520 1486 gente
553 1436 676 1474 silent.
733 1435 851 1475 Unde
879 1436 1054 1487 colligere
1086 1437 1177 1474 licet
1211 1437 1352 1474 Critiae
1385 1437 1562 1486 majores,

185 1499 365 1536 mollibus
395 1499 535 1536 Bacchi
555 1504 593 1536 et
608 1499 769 1536 Veneris
788 1499 939 1549 gaudiis
959 1504 1166 1544 enervatos,
1184 1513 1205 1536 a
1223 1499 1388 1548 publicis
1409 1500 1561 1536 honori-

185 1561 256 1598 bus
290 1574 441 1598 aversos
477 1561 595 1597 vitam
628 1561 725 1598 luxu
758 1565 796 1598 et
827 1561 1027 1610 voluptate
1061 1561 1350 1609 consumpsisse.
1408 1561 1560 1606 Quibus

184 1622 291 1660 vitiis
320 1623 400 1671 ipse
431 1623 570 1660 Critias
600 1636 676 1660 non
704 1636 858 1672 prorsus
887 1624 1040 1661 carebat
1068 1628 1111 1660 ut
1139 1637 1185 1660 ex
1219 1623 1286 1660 illo
1320 1623 1557 1672 Euthydemi

185 1697 312 1722 amore
341 1688 537 1734 apparet:⁶
566 1686 728 1724 eundem
757 1689 887 1724 tamen
916 1686 1075 1723 ambitio
1104 1686 1262 1724 honesta
1291 1686 1339 1723 ad
1366 1685 1562 1735 Dropidae

184 1748 317 1785 laudes
338 1748 584 1785 aemulandas
605 1748 822 1786 accendisse
839 1749 1011 1786 videtur:
1040 1753 1272 1797 quapropter
1292 1749 1413 1786 otium
1434 1762 1561 1797 asper-

185 1813 299 1848 natus
328 1823 449 1860 usque
478 1823 499 1848 a
527 1823 644 1860 puero
673 1824 713 1849 se
732 1811 849 1848 variis
878 1811 1016 1849 studiis
1046 1811 1257 1857 exercebat,
1277 1811 1562 1861 pueritiamque

186 1873 298 1910 modo
331 1885 502 1922 egressus
535 1885 623 1911 cum
655 1873 914 1923 sophistarum
947 1877 1032 1910 tum
1066 1873 1231 1910 Socratis
1264 1886 1455 1911 sermones
1490 1874 1562 1910 fre-

186 1938 370 1983 quentare
390 1935 523 1984 coepit.

239 1996 324 2042 Qua
351 2009 397 2034 ex
426 2009 466 2034 re
485 1997 659 2046 quaestio
687 1996 922 2046 perdifficilis
950 2001 1033 2035 orta
1060 2002 1126 2035 est.
1183 1998 1238 2035 Ea
1266 1997 1369 2035 enim
1390 2010 1487 2046 quae
1516 1997 1563 2034 de

187 2058 328 2096 Critiae
348 2071 436 2096 cum
466 2060 618 2097 Socrate
647 2059 926 2097 consuetudine
954 2059 1171 2109 accepimus
1201 2060 1368 2097 maxima
1387 2072 1434 2096 ex
1454 2064 1562 2109 parte

185 2134 208 2158 a
245 2121 406 2160 Platone
444 2126 483 2159 et
520 2122 778 2171 Xenophonte
816 2126 984 2167 manant,
1022 2123 1089 2171 qui
1127 2122 1227 2160 hanc
1262 2135 1352 2167 rem,
1386 2123 1564 2171 quamvis

185 2183 340 2232 utrique
360 2184 453 2221 satis
473 2189 564 2221 nota
584 2196 665 2221 esse
684 2184 867 2229 debuerit,
888 2184 942 2220 ita
961 2184 1002 2220 in
1022 2184 1216 2222 diversum
1235 2184 1404 2228 trahunt,
1425 2188 1469 2221 ut
1496 2188 1565 2221 aut

186 2246 277 2283 huic
292 2250 360 2283 aut
378 2246 436 2283 illi
456 2247 550 2285 fides
566 2247 813 2285 detrectanda
828 2259 910 2284 esse
924 2247 1108 2284 videatur.
1152 2247 1368 2296 Xenophon
1385 2247 1565 2284 videlicet

187 2313 380 2346 asseverat
413 2308 584 2353 Critiam‚
613 2309 883 2358 quaestionum
912 2321 934 2346 a
963 2309 1117 2346 Socrate
1146 2309 1377 2359 agitatarum
1409 2321 1564 2357 prorsus

187 2370 435 2417 incuriosum,
463 2371 703 2419 sermonibus
732 2372 813 2421 ejus
846 2371 917 2409 hoc
949 2375 1103 2409 tantum
1137 2371 1297 2410 consilio
1329 2371 1564 2416 interfuisse,

184 2437 229 2469 ut
258 2436 379 2471 artem
408 2434 631 2483 disputandi
660 2439 862 2479 exerceret,
882 2434 1108 2484 copiamque
1137 2434 1289 2472 dicendi
1316 2439 1355 2471 et
1383 2435 1564 2484 respond—

186 2495 276 2533 endi
306 2497 530 2546 acquireret,
550 2510 627 2547 qua
656 2497 795 2535 oratori
814 2497 981 2535 Athenis
1010 2510 1105 2547 opus
1134 2497 1238 2535 erat.⁷
1292 2497 1403 2535 Plato
1431 2502 1565 2536 contra

185 2570 262 2595 non
292 2560 404 2596 modo
434 2560 576 2597 Critiae
604 2559 801 2609 ingenium
832 2560 993 2597 summis
1021 2559 1200 2597 laudibus
1229 2560 1362 2604 effert?
1381 2560 1447 2598 sed
1476 2573 1563 2598 eum

269 2691 276 2707 ¹
294 2689 339 2720 Of.
356 2689 451 2722 Bach.
468 2700 515 2730 op.
532 2689 583 2721 cit.
601 2695 635 2728 83
658 2690 780 2730 Lauier,
797 2701 845 2731 op.
862 2690 913 2721 cit.
934 2693 981 2722 10.
1157 2691 1167 2706 ’·’
1186 2691 1265 2723 Τεεε.
1283 2692 1359 2725 Ant.
1378 2692 1403 2723 Ι.
1426 2697 1449 2724 l.

267 2740 279 2757 ³
298 2740 379 2774 Test.
396 2742 475 2774 Ant.
493 2742 537 2774 ΙΙ.
555 2745 584 2775 6.
713 2742 725 2759 ⁴
744 2742 824 2775 Text.
841 2743 920 2775 Ant.
938 2743 963 2775 I.
981 2745 1009 2777 4.
1140 2744 1152 2762 ⁵
1170 2743 1249 2778 Test.
1267 2745 1343 2779 Ant.
1363 2745 1387 2778 I.
1407 2748 1435 2777 2.

224 2795 236 2814 ⁶
252 2794 330 2827 Xen.
348 2794 442 2829 Mem.
460 2796 485 2828 Ι.
503 2798 532 2835 2,
550 2798 598 2829 29.
653 2795 665 2814 ⁷
677 2796 754 2829 Xen.
774 2795 865 2829 Mem.
883 2796 907 2829 Ι.
927 2799 955 2837 2,
974 2795 1011 2838 ξξ
1032 2799 1142 2829 12-39.
1199 2800 1210 2819 Β
1224 2798 1303 2829 Plat.
1328 2797 1407 2829 Tim.
1426 2801 1467 2830 20
1484 2799 1521 2831 A.
