1783 2968
848 241 897 277 32

179 347 262 396 ejus
288 346 529 396 eloquentiae
558 345 884 384 studiosissimum
904 344 1032 384 fuisse.
1090 343 1286 382 Grandem
1305 342 1562 394 Antiphontis

179 422 392 447 sermonem
413 409 625 459 usurpavit,
645 409 768 446 vitata
787 414 917 446 tamen
946 409 1028 457 ejus
1056 407 1298 452 obscuritate,
1319 411 1358 445 et
1385 406 1563 456 quamvis

180 472 373 509 interdum
407 485 429 509 a
461 471 656 522 proposito
689 471 841 521 longius
874 474 1041 516 evectus,
1075 470 1248 508 membra
1280 468 1562 507 sententiarum

178 536 348 572 maxima
378 548 469 572 cura
497 534 709 579 collocavit,
729 534 784 572 ita
813 539 857 572 ut
883 533 1096 583 granditati
1122 536 1231 582 grata
1260 532 1448 582 quaedam
1478 544 1562 581 per-

178 597 364 645 spicuitas
402 597 613 634 accesserit.
683 596 844 645 Figuras
881 600 1081 644 ceteraque
1119 599 1344 632 ornamenta
1381 594 1563 631 orationis

178 658 372 706 diligebat,
393 671 468 707 qua
498 658 538 694 in
567 671 606 695 re
634 658 917 706 Antiphontem
945 657 1086 693 iterum
1114 661 1301 705 sequutus
1330 656 1420 692 huic
1449 655 1561 704 longe

178 720 455 767 antecellebat3
489 725 610 757 artem
640 720 743 758 enim
772 733 922 769 semper
949 719 1099 764 celavit,
1128 719 1372 768 speciemque
1405 722 1564 756 naturae

177 781 349 826 retinuit,
383 795 481 831 quae
514 782 755 820 audientium
787 782 936 819 animos
969 781 1200 819 conciliaret.
1257 781 1402 819 Nativo
1433 785 1561 818 tamen

178 844 529 893 lepore-{melitem
546 847 604 883 καὶ
626 843 962 896 &amm—judice
982 843 1225 893 Hermogene
1244 843 1405 881 carebat.

233 906 401 942 Grandis
422 906 486 942 ille
507 906 631 950 stilus,
651 919 767 954 quem
788 906 928 943 Critias
948 918 1034 942 cum
1057 905 1299 954 Antiphonte
1320 918 1562 943 communem

179 967 355 1011 habebat,
383 967 488 1003 haud
521 967 636 1004 dubie
665 968 713 1004 ad
747 967 910 1016 Gorgiae
944 967 1189 1016 disciplinam
1223 967 1449 1005 referendus
1484 973 1563 1005 est:

181 1029 247 1066 sed
276 1029 315 1066 in
346 1029 482 1066 ceteris
512 1030 559 1066 ab
589 1029 660 1066 hoc
689 1029 900 1078 exemplari
929 1035 1059 1078 aperte
1079 1029 1246 1067 deflexit.
1303 1029 1564 1067 Philostratus

179 1091 283 1128 enirn
324 1091 579 1140 Hermogenis
613 1092 761 1140 judicio
804 1092 845 1128 in
885 1091 1110 1129 universum
1151 1092 1393 1140 suffragatus,
1433 1096 1565 1130 notata

179 1154 367 1191 brevitate
387 1153 564 1202 quadam,
585 1167 707 1202 pauca
727 1154 1089 1191 commemoratione
1109 1154 1334 1204 dignissima
1354 1155 1563 1204 subjiingit.

179 1216 312 1253 Tradit
350 1216 454 1253 enim
498 1216 642 1254 Critiae
684 1229 899 1254 sermonem
941 1216 1118 1266 quamvis
1160 1217 1355 1267 grandem,
1398 1230 1476 1254 non
1517 1230 1563 1256 ex

179 1279 475 1327 dithyrambicis
505 1283 543 1316 et
572 1279 687 1316 nimis
717 1280 877 1328 poeticis
906 1279 1151 1324 dictionibus,
1175 1280 1241 1317 sed
1270 1280 1515 1329 potissimum
1546 1294 1565 1318 e

179 1341 282 1378 tritis
325 1340 457 1390 populi
500 1341 697 1379 vocabulis
740 1342 996 1391 compositum
1039 1354 1129 1379 esse.
1199 1342 1337 1391 Neque
1378 1342 1566 1391 asyndeta

179 1416 329 1451 semper
356 1403 507 1447 vitavit,
537 1404 647 1451 cujus
682 1403 737 1440 rei
771 1403 992 1452 exemplum
1026 1417 1047 1440 a
1082 1403 1231 1440 Blassio
1265 1405 1305 1440 in
1340 1404 1565 1452 fragmentis

180 1465 376 1502 detectum
415 1468 507 1502 est.1
576 1466 757 1503 Ceterum
796 1466 837 1502 in
878 1465 1127 1503 collocatione
1168 1466 1368 1503 verborum
1409 1467 1457 1503 ab
1497 1480 1566 1505 usa

180 1527 331 1575 vulgari
360 1527 556 1564 interdum
586 1527 753 1571 deflexit,
773 1528 829 1563 ita
858 1533 901 1564 ut
929 1540 997 1576 pro
1028 1528 1178 1564 usitatis
1207 1528 1285 1565 illis
1317 1528 1406 1566 ἀλλ’
1436 1529 1567 1579 ἔμοιγε

182 1587 283 1626 δοκεῖ
302 1592 341 1625 eb
359 1591 412 1639 τῷ
432 1588 557 1639 ἀγῶνι
576 1591 654 1627 τῶν
677 1589 845 1634 Πυθίων,
866 1587 967 1627 δοκεῖ
985 1587 1016 1627 δ’
1037 1589 1162 1639 ἔμοιγε
1182 1593 1221 1627 et
1239 1592 1292 1640 τῷ
1312 1592 1388 1628 τῶν
1411 1591 1567 1629 Πυθίων

182 1650 305 1700 ἀγῶνι
334 1650 523 1697 diceret;²
552 1656 667 1699 atque
688 1663 923 1699 quamquam
955 1652 995 1688 in
1024 1663 1237 1689 sermonem
1257 1652 1454 1700 poeticum
1476 1665 1566 1690 nus-

181 1725 298 1761 quam
318 1712 540 1757 declinavit,
561 1725 660 1750 nova
688 1717 818 1750 tamen
847 1713 1058 1762 composita
1087 1714 1242 1763 linguae
1262 1714 1417 1751 Atticae
1445 1714 1564 1752 indoli

181 1775 454 1812 convenientia
493 1775 805 1824 frequentissime
844 1776 1055 1825 usurpavit.
1126 1776 1233 1822 Quae
1276 1776 1425 1814 Polluci
1466 1783 1567 1815 certe

181 1838 341 1875 minime
381 1838 658 1887 placuerunt:³
699 1838 957 1875 Philostratus
990 1844 1122 1876 contra
1151 1839 1257 1884 dicit,
1286 1839 1420 1877 Attica
1448 1841 1567 1885 verba,

180 1904 222 1936 ut
251 1901 449 1937 radiorum
472 1901 651 1949 fulgura,
680 1902 723 1937 in
754 1901 897 1938 Critiae
925 1903 1090 1938 oratione
1115 1902 1309 1952 perlucere.
1367 1902 1456 1940 Huc
1485 1915 1567 1952 per-

181 1963 309 2000 tinent
355 1963 549 2012 permulta
586 1975 805 2012 cauponum
842 1968 882 2000 et
928 1963 1122 2000 fabrorum
1160 1964 1329 2009 nomina,
1368 1965 1568 2016 ὀρνιθοκά-

182 2028 311 2070 πηλοι,
351 2025 617 2072 ἱματιοπῶλαι,
656 2026 949 2077 λαχανοπῶλαι,
988 2025 1261 2077 σιδηροπῶλαι,
1299 2027 1567 2078 χαλκοπῶλαι,

180 2086 445 2139 χορδοπῶλαι,
496 2090 751 2139 χρυσουργοῖ,
799 2086 1143 2140 ὃακτυλιογλῦφυι,
1191 2092 1570 2140 κεκρυψαλοπλόκος,

180 2151 363 2200 μυρεψός·
406 2150 545 2187 deinde
592 2150 782 2199 adjectiva
826 2151 874 2187 ab
918 2151 1072 2188 urbium
1116 2157 1154 2189 et
1197 2152 1372 2200 gentium
1419 2154 1568 2191 nomin-

184 2213 269 2249 ibus
300 2212 483 2257 derivata,
506 2215 814 2264 Μιλησιουργὴς,
841 2215 1167 2265 Κορινθιουργής,
1191 2219 1401 2266 Χιουργὴς,
1423 2215 1569 2260 Ῥηνιο-

182 2277 313 2325 εργὴς·
342 2275 531 2312 accedunt
559 2288 681 2323 pauca
709 2275 757 2312 ad
780 2276 929 2323 judicia
957 2278 1182 2325 spectantia,
1215 2277 1272 2314 uti
1302 2276 1568 2329 ὃιὸραχμιαῖοι,

183 2335 437 2382 ἇποὸικάζειν,
462 2335 701 2381 διαδικάζειν,
726 2336 1047 2388 ψευδομάρτυρες,
1073 2337 1405 2391 ψευδομαρτυρεῖν.
1461 2341 1570 2379 Inter

182 2400 297 2436 verba
311 2405 493 2449 “quorum
503 2400 683 2451 pleraque
698 2414 714 2437 e
732 2400 854 2438 Oricia
870 2402 1088 2453 deprompta
1100 2402 1214 2439 sunt''
1228 2401 1570 2455 λειχανοτι-ώλιὸες4

183 2462 580 2511 λαχαιιι)πωλὴτριαι·”
632 2462 878 2512 τυροπῶλαι6
929 2465 1033 2512 apud
1089 2465 1287 2502 Pollucem
1343 2466 1568 2514 reperimus,

182 2536 281 2573 quae
311 2525 441 2561 omnia
468 2524 516 2561 ab
538 2524 798 2574 Aristophane
818 2538 972 2575 quoque
991 2531 1249 2577 usurpantur:
1278 2529 1397 2566 ceteri
1417 2542 1569 2579 quoque

355 2640 362 2656 ¹
380 2638 430 2672 Of.
449 2639 548 2679 Blass,
566 2638 708 2670 Attisclze
724 2638 972 2679 Beredsamkeit,
990 2641 1015 2673 I.
1034 2644 1105 2675 266.

356 2690 367 2705 ²
387 2691 464 2725 Test.
483 2691 560 2724 Aac.
577 2691 613 2723 V.
633 2695 661 2733 7,
678 2695 706 2726 8.
833 2694 843 2710 ³
858 2693 910 2726 Fr.
927 2696 977 2727 32.
1098 2695 1109 2713 ⁴
1124 2695 1283 2737 Aristoph.
1311 2695 1395 2739 Vesp.
1412 2700 1483 2731 497.

357 2744 368 2761 ⁵
384 2744 544 2785 Aristoph.
566 2744 595 2775 Τ
593 2744 686 2776 hesm.
704 2747 776 2778 387.
965 2746 977 2763 ⁶
989 2747 1147 2788 Aristoph.
1165 2747 1222 2789 Eq.
1240 2751 1311 2780 854.
