1783 2968
862 198 914 236 48

194 304 377 355 temporis
393 305 555 343 habitae.
604 304 713 343 Idem
729 303 839 343 docet
857 303 1072 354 optimates,
1089 317 1127 342 re
1143 316 1339 354 perpensa,
1356 304 1396 342 in
1414 301 1582 341 comitiis

197 367 388 405 Alcibiadi
430 368 657 417 suffragatos
690 380 781 413 esse,
814 367 1028 410 arbitratos.
1062 379 1113 411 se,
1145 367 1302 405 absente
1336 366 1509 405 exercitu
1544 367 1583 402 et

196 431 316 469 classe
336 430 614 480 rempublicam
636 430 788 468 facilius
808 442 1004 468 eversuros
1023 442 1114 468 esse.

250 503 431 541 Ceterum
451 515 537 541 cum
559 502 611 540 sit
630 502 887 552 perspicuum,
908 502 1017 552 quasi
1037 502 1132 541 duas
1151 515 1332 552 personas
1352 503 1392 540 in
1413 501 1579 540 Pseudo-

198 565 467 615 Xenophontis
496 565 627 602 libello
655 564 894 615 loqui—qua
922 565 969 602 de
998 577 1111 602 eausa
1139 565 1284 603 Cobeto
1307 570 1346 603 et
1375 566 1413 602 C.
1435 564 1578 602 Waoh-

196 628 328 666 smuth
365 628 492 678 placet
529 641 616 665 eum
655 628 747 665 olim
786 628 926 678 dialogi
963 628 1124 665 formam
1161 627 1581 665 habuisse1—statuit

199 690 411 728 Muellerus
432 690 901 739 Pseudo-Xenophontem
922 689 1128 727 adversarii
1148 689 1349 739 cujusdam
1368 688 1581 727 sententias

197 752 420 802 saepissime
439 752 661 802 respexisse.
717 751 872 790 Etenim
893 755 1023 790 censet
1050 751 1256 801 optimates
1285 756 1379 790 tunc
1397 751 1582 801 temporis

197 815 237 851 in
258 815 353 852 duas
373 815 559 852 factiones
587 814 730 851 divisos
758 827 839 851 esse
860 827 954 863 quas
973 814 1179 851 vernaculo
1206 826 1381 851 sermone
1400 818 1418 832 “
1432 812 1585 851 ultras’'

197 881 236 914 et
264 877 553 915 “doctrinairs”
573 881 990 926 nuncupat—quarum
1020 876 1113 914 haee
1142 888 1217 914 non
1248 876 1451 921 dubitavit,
1471 875 1581 913 insti-

197 945 283 978 tuta
312 940 463 978 Solonis
494 939 630 978 deletis
659 938 850 989 Ephialtis
879 943 918 977 et
947 939 1156 978 Clistlienis
1186 939 1344 989 legibus,
1365 939 1448 977 sine
1479 939 1579 976 bello

197 1001 313 1046 civili,
352 1001 502 1052 integra
541 1001 839 1039 Atheniensium
885 1001 1068 1051 potentia,
1105 1001 1259 1039 restitui
1298 1014 1420 1051 posse,
1457 1001 1579 1039 altera

198 1068 330 1101 contra
361 1076 585 1113 persuasum
615 1063 753 1101 habuit
785 1063 1009 1113 popularem
1041 1063 1274 1113 reipublicae
1308 1064 1472 1102 formam
1505 1076 1579 1101 non

199 1127 273 1164 nisi
293 1127 332 1163 vi
353 1132 391 1164 et
419 1126 545 1170 armis,
565 1125 705 1163 amisso
724 1126 840 1163 maris
870 1126 1041 1175 imperio,
1061 1126 1306 1163 evertendam
1326 1138 1416 1164 esse.
1475 1126 1581 1172 Quae

198 1189 408 1238 opiniones,
423 1188 603 1226 Muelleri
616 1187 850 1226 sententiam
862 1187 894 1225 si
907 1188 1114 1238 sequimur,
1127 1188 1166 1224 in
1180 1188 1427 1237 optimatium
1440 1189 1584 1233 castris,

200 1265 289 1289 cum
326 1252 564 1289 orationibus
601 1255 684 1288 tum
723 1251 875 1300 scriptis
916 1251 1162 1301 agitabantur
1199 1256 1314 1300 atque
1351 1251 1452 1289 inter
1492 1250 1586 1288 alios

201 1313 591 1364 Pseudo-Xenophon
619 1317 813 1352 extremae
843 1313 1021 1352 factionis
1056 1313 1197 1364 placita
1225 1314 1424 1364 exposuit:
1453 1314 1585 1352 adver-

199 1378 321 1415 sarius
341 1381 470 1414 autem
491 1377 601 1427 eujus
621 1377 835 1414 sententiae
854 1377 996 1426 passim
1019 1381 1202 1414 notantur
1222 1390 1298 1414 non
1317 1377 1417 1414 alius
1436 1376 1513 1414 fuit
1541 1390 1585 1414 ac

199 1440 349 1478 Critias.
407 1439 560 1477 Conicit
587 1439 690 1477 enirn
726 1439 939 1477 Muellerus
960 1439 1121 1477 Critiam
1150 1445 1335 1490 tanquam
1366 1439 1582 1477 moderatae

201 1502 379 1540 factionis
427 1506 634 1552 patronum
681 1502 811 1551 paullo
860 1506 973 1540 antea
1020 1502 1173 1540 easdem
1220 1503 1298 1540 fere
1344 1502 1588 1552 quaestiones

199 1564 436 1603 tractavisse.

254 1636 488 1674 Muellerum
527 1640 658 1674 tamen
692 1636 792 1686 fugit
828 1636 1268 1687 Pseudo-Xenophontis
1302 1637 1583 1689 Rempublicam

203 1699 301 1737 nihil
329 1700 407 1737 fere
435 1712 525 1737 cum
554 1699 655 1737 veris
684 1699 826 1737 Critiae
855 1700 1007 1737 Politiz's
1035 1713 1237 1739 commune
1266 1700 1425 1739 habere:
1467 1714 1589 1750 neque

204 1762 391 1800 Boeckhii
419 1775 584 1800 errorem
614 1762 763 1807 vitavit,
792 1765 898 1800 ratus
926 1762 1025 1799 illud
1057 1762 1226 1800 Pollucis
1255 1761 1479 1808 διαδικάζειν
1509 1763 1585 1801 huc

202 1825 402 1874 pertinere.
459 1825 561 1863 Nam
582 1825 778 1863 confessus
800 1824 984 1863 Boeckhii
1004 1825 1191 1864 rationem
1212 1825 1348 1864 falsam
1368 1839 1460 1872 esse,
1476 1831 1588 1876 putat

205 1889 685 1937 Pseudo-Xenophontem,
706 1901 811 1925 more
831 1888 1114 1937 disputantium
1145 1902 1221 1926 non
1247 1890 1458 1927 sententias
1480 1890 1590 1927 modo

204 1950 270 1988 sed
302 1950 419 1988 etiam
453 1951 538 2000 ipsa
569 1950 780 1989 adversarii
809 1951 924 1988 verba
951 1950 1168 2000 repetiisse:
1198 1951 1300 1989 unde
1334 1951 1480 2002 colligit
1513 1950 1589 1991 δια-

204 2011 378 2058 δικάζειν,
416 2012 584 2062 primum
622 2025 644 2050 a
685 2012 1123 2062 Pseudo-Xenophonte,
1163 2014 1301 2052 deinde
1339 2028 1361 2051 a
1402 2014 1587 2052 Boeckhii

203 2074 453 2124 grammatico
487 2075 719 2113 translatum
754 2087 844 2113 esse.
915 2076 999 2121 Qua
1031 2076 1362 2126 argumentatione
1395 2076 1468 2114 sibi
1501 2089 1586 2127 per-

205 2137 327 2174 suasit
359 2137 555 2175 Pollucem
588 2150 610 2174 a
638 2136 890 2186 grammatico
921 2137 1094 2186 pendere,
1114 2138 1176 2176 cui
1201 2138 1342 2176 Critiae
1362 2137 1586 2191 Respublica

201 2199 489 2237 Atheniensium
525 2200 715 2249 quaedam
754 2203 845 2237 nota
882 2204 1106 2238 erat—non
1147 2201 1586 2251 Pseudo-Xenophontis

205 2260 371 2305 libellus,
387 2261 454 2299 sed
473 2261 746 2299 commentatio
766 2261 914 2307 similis,
931 2275 1029 2311 quae
1049 2262 1087 2300 id
1107 2263 1336 2313 opusculum
1356 2263 1587 2313 provocavit.

207 2324 388 2361 Ceterum
409 2328 453 2361 ut
473 2325 585 2361 inodo
605 2324 856 2374 eognovimus
872 2338 1007 2374 parum
1027 2332 1085 2363 est
1105 2326 1286 2364 credibile
1306 2326 1403 2364 illud
1423 2326 1591 2365 Pollucis

205 2383 431 2430 διαδικάζειν
451 2399 539 2423 cum
570 2387 998 2436 Pseudo-Xenophonte
1027 2389 1226 2426 cohaerere
1255 2394 1294 2426 et
1324 2387 1405 2438 pari
1431 2401 1532 2433 casu,
1552 2388 1592 2426 ni

206 2447 327 2492 fallor,
348 2448 487 2486 accidit
508 2456 551 2486 ut
579 2448 812 2486 sententiam
834 2450 935 2498 apud
966 2451 1433 2500 Pseudo-Xenophontem
1452 2451 1592 2501 reperi-

250 2663 258 2682 ¹
276 2659 322 2692 of.
341 2659 451 2692 Cobet.
467 2658 678 2700 Mnemosyne,
692 2659 767 2691 VII.
786 2662 856 2693 387.
905 2659 936 2691 C.
955 2660 1169 2697 Wachsmuth,
1190 2661 1418 2694 Commentatio
1434 2661 1472 2693 de
1487 2661 1592 2694 Xeno·

199 2711 333 2754 phontis
349 2711 409 2753 qm·
416 2711 528 2752 fertur
543 2710 652 2742 libello
669 2712 835 2748 Ἀθηναίων
853 2715 1006 2747 πολιτεία.
