1783 2968
833 227 879 263 51

171 328 361 367 erraverit.
418 330 617 369 Praeterea
636 329 864 369 Aristoteles
884 330 1020 380 Lysiae
1040 328 1239 379 suffragari
1259 327 1434 367 videtur:
1460 340 1548 364 nam

171 391 211 428 in
226 391 428 443 Republica
449 393 726 432 Atheniensium
743 398 873 431 narrat
893 399 1077 443 tyrannos
1092 394 1157 443 jus
1176 391 1347 442 suffragii
1368 389 1547 428 omnibus

171 454 366 500 ademisse,
386 455 452 505 qui
471 457 533 494 vel
561 456 856 507 Quadringentis
876 456 1108 494 restitissent
1128 456 1189 494 vel
1215 468 1278 493 eos
1298 453 1549 504 adjuvissent,

170 516 236 565 qui
248 511 465 556 Eetioniarri
478 519 731 558 delevissent.l
761 519 870 565 Quod
884 532 972 557 cum
985 520 1055 557 hoc
1069 522 1218 557 tantum
1234 517 1394 556 consilio
1403 518 1549 554 factum

170 580 229 624 sit,
243 587 286 617 ut
301 580 552 620 Theramenes
568 596 634 632 per
648 582 812 632 speciem
829 583 1022 632 quandam
1032 582 1131 632 juris
1147 582 1451 626 interficeretur?
1463 592 1549 629 per-

169 642 345 690 spicuum
366 648 432 687 est,
447 648 619 682 auctores
635 644 868 682 decreti—et
884 658 971 682 eum
987 645 1121 682 ceteris
1138 643 1549 689 Critiam—Quadrin-

169 703 294 753 gentis
305 717 377 742 non
387 705 580 744 restitisse.
612 707 716 753 Quae
730 720 817 744 eum
831 706 884 744 ita
896 707 974 744 sint
986 706 1206 744 testimonia
1217 705 1378 755 antiqua
1390 705 1548 743 demon-

170 770 288 804 strare
308 767 487 806 videntur
507 769 666 807 Critiam
694 770 781 807 inde
802 771 849 807 ab
877 770 988 807 initio
1008 770 1219 807 Alcibiadis
1241 769 1385 807 socium
1407 768 1547 813 fuisse3

171 829 468 880 Quadringentis
487 837 614 869 autem
635 845 712 869 non
730 845 865 870 ausum
885 832 1057 870 resistere
1087 832 1177 869 huic
1198 832 1357 869 factioni
1380 831 1547 868 invitum

170 892 380 938 accessisse,
401 900 439 931 et
467 907 533 943 per
560 895 641 944 ejus
670 894 837 944 regimen
857 909 973 944 quarn
1001 894 1167 932 maxime
1187 894 1387 944 quievisse,
1408 892 1547 931 deinde

170 953 292 1002 prima
320 954 408 991 data
435 956 630 993 occasione
651 956 862 994 Alcibiadis
882 962 1008 1006 partes
1036 961 1166 1006 aperte
1193 956 1417 1005 amplexum
1445 968 1537 993 esse.

171 1016 411 1066 Quapropter
426 1030 579 1067 prorsus
599 1024 656 1057 est
675 1018 924 1068 improbabile
944 1032 1031 1057 eum
1051 1024 1221 1069 tempore
1236 1031 1311 1068 quo
1331 1018 1548 1056 Muellerus

171 1079 607 1129 Pseudo-Xenophontis
635 1081 810 1119 libellum
838 1082 1095 1131 conscriptum
1123 1094 1203 1119 esse
1222 1085 1361 1125 censet,
1381 1093 1421 1117 se
1442 1079 1541 1129 opti-

169 1140 331 1179 matium
351 1142 519 1181 consiliis
540 1143 593 1181 ita
612 1143 873 1189 immiscuisse,
890 1149 933 1181 ut
953 1143 1092 1194 placita
1108 1145 1189 1194 ejus
1209 1144 1250 1181 in
1265 1143 1545 1194 oligarchorum

170 1203 416 1242 concionibus
449 1205 528 1242 sint
559 1205 711 1254 agitata.
781 1206 913 1243 Potius
946 1206 985 1242 in
1019 1219 1221 1243 numerum
1250 1205 1464 1243 Alcibiadis
1493 1218 1548 1242 so-

171 1266 315 1303 dalium
343 1273 401 1304 est
439 1267 667 1317 redigendus
696 1281 790 1317 quos
819 1268 950 1306 Nicias
979 1269 1081 1317 apud
1120 1268 1384 1317 Thucydidem
1413 1269 1548 1304 notat.⁸

171 1328 319 1373 Quibus
348 1329 510 1378 cognitis
538 1330 786 1367 manifestum
814 1335 872 1367 est
912 1330 1072 1368 Critiam
1106 1330 1544 1378 Pseudo-Xenophontis

171 1389 430 1428 adversarium
471 1403 547 1428 non
585 1391 712 1437 fuisse,
750 1391 803 1430 ita
841 1396 885 1429 ut
925 1391 1022 1429 nihil
1060 1405 1194 1430 causae
1232 1392 1439 1429 habeamus
1478 1403 1550 1428 cur

170 1453 361 1490 Muellero
381 1452 420 1489 in
442 1454 512 1490 hac
531 1467 571 1491 re
586 1454 874 1504 suffragemur*

212 1568 218 1585 ¹
237 1567 364 1602 Aristot.
386 1569 516 1605 Aemula
527 1583 541 1601 ν
558 1569 714 1610 πολιτεία,
732 1569 782 1603 37.

211 1620 222 1637 ²
236 1621 369 1660 ἔγνωσοιν
384 1623 446 1656 τᾶν
461 1624 517 1664 μὲν
538 1626 638 1655 ἕλλων
653 1624 699 1656 τοὶ
714 1623 802 1655 ἔπλει
819 1622 1006 1663 manahem
1024 1622 1208 1666 Θηραμένην
1223 1622 1252 1654 δὲ
1268 1622 1441 1666 διαφθεῖραι
1456 1621 1551 1655 τόνόὶ·

170 1675 223 1706 τὸν
238 1688 358 1717 reon-ou·
384 1690 409 1709 z.
426 1690 456 1709 τ.
475 1684 503 1709 λ.
550 1676 680 1709 Aristot.
697 1675 752 1708 loc.
771 1676 823 1709 cit.

212 1726 223 1741 ³
246 1728 297 1761 οὖς
329 1729 388 1767 ἐγὼ
418 1728 471 1770 (sc.
505 1729 637 1769 Nalm)
667 1729 736 1772 ὁρῶν
767 1731 816 1760 νῦν
845 1728 946 1761 ἐνθάδε
977 1730 1020 1768 τῷ
1052 1730 1137 1768 3ιύτῷ
1168 1727 1251 1772 ἀνδρὶ
1284 1729 1553 1772 ταρκκελευστοὺς

171 1781 359 1821 καθημένους
375 1784 543 1822 φοβοῦμαι,
559 1782 654 1815 Thuc.
674 1782 729 1814 VI.
749 1784 798 1814 13.
844 1783 889 1815 Cf.
907 1782 1122 1821 Wilamowitz,
1138 1793 1185 1823 op.
1204 1781 1254 1814 cit.
1274 1782 1299 1814 Ι.
1319 1784 1387 1814 161.

212 1833 301 1865 *Hic
327 1844 424 1875 pauca
448 1835 485 1865 de
508 1835 700 1866 Callaeschro
722 1835 773 1865 illo
795 1834 972 1866 disserenda
995 1838 1078 1875 sunt,
1095 1835 1157 1875 qui,
1174 1838 1253 1866 teste
1276 1835 1377 1874 Lysia,
1394 1844 1456 1865 una
1479 1844 1549 1865 curn

171 1886 330 1927 Pisandro,
348 1887 546 1919 Theramenis
565 1887 704 1919 aemulus
721 1888 778 1919 sub
795 1888 941 1929 regimine
958 1887 1259 1929 Quadringentorum
1277 1887 1345 1918 fuit.
1381 1886 1462 1918 Nam
1480 1897 1550 1918 cum

171 1949 281 1971 nomen
298 1939 482 1971 Callaeschri
505 1941 536 1971 in
561 1941 675 1972 Critiae
697 1941 814 1972 familia
830 1944 970 1972 occurrat
992 1941 1143 1981 plerisque
1166 1941 1267 1981 placet
1287 1940 1397 1980 Lysiae
1418 1940 1550 1971 Callaes-

170 1992 275 2023 chrum
296 1992 410 2024 Critiae
429 1994 634 2024 necessarium
649 1994 751 2026 fuisse.
799 1993 911 2034 Itaque
927 1994 1064 2025 Blassius
1080 2003 1200 2024 summa
1215 1993 1400 2024 confidentia
1413 1993 1551 2024 affirmat

170 2056 239 2077 eum
256 2046 369 2078 Critiae
381 2049 500 2087 patrem
516 2047 619 2086 fuisse,
638 2048 687 2078 cui
703 2057 813 2078 nomen
829 2050 911 2078 certe
928 2047 1119 2079 Callaeschro
1134 2048 1202 2080 fuit.
1249 2046 1293 2078 At
1308 2047 1339 2077 in
1360 2045 1551 2077 Chai-midae

170 2099 321 2138 prooemio
334 2099 467 2130 traditur
480 2099 609 2130 Critiam
620 2100 710 2130 initio
719 2100 790 2130 belli
803 2099 1052 2140 Peloponnesiaci
1065 2102 1198 2130 tutorem
1210 2100 1356 2139 patruelis
1369 2099 1551 2130 Oharmidae

170 2151 273 2184 fuisse.
321 2151 409 2190 Quod
423 2152 554 2183 officium
566 2152 632 2193 ipse
643 2152 757 2184 Critiae
768 2155 857 2193 pater
867 2152 892 2183 si
906 2153 1040 2193 vixisset,
1052 2152 1135 2183 haud
1147 2152 1237 2183 dubie
1249 2152 1438 2192 suscepisset.
1475 2152 1553 2190 Quis

171 2205 252 2235 enim
264 2204 369 2236 eredat
381 2204 487 2245 filium,
503 2208 593 2246 patre
609 2206 686 2246 vivo,
696 2206 844 2246 patruelis
855 2208 989 2237 tutorem
1004 2206 1121 2237 factum
1137 2204 1224 2237 esse?
1249 2204 1340 2236 Unde
1355 2206 1551 2245 perspicuum

170 2261 218 2288 est
234 2257 468 2298 Callaeschrum,
486 2257 599 2290 Critiae
615 2261 744 2299 patrem,
752 2258 819 2299 jam
836 2258 961 2290 Periclis
975 2260 1079 2289 aetate
1095 2260 1222 2289 mortem
1238 2258 1356 2290 obiisse.
1399 2257 1547 2289 Rationes

170 2312 343 2351 temporum
354 2321 414 2342 non
424 2311 590 2352 prohibent
604 2311 767 2352 quominus
779 2314 923 2352 putemus
939 2311 1163 2343 Callaeschrum
1175 2310 1287 2341 Critiae
1303 2310 1429 2341 fratrem
1446 2311 1552 2342 fuisse.

170 2362 232 2394 Sed
244 2363 365 2404 Critias,
378 2364 491 2404 quippe
502 2365 555 2404 qui
567 2374 678 2396 nomen
689 2365 739 2395 avi
752 2364 868 2402 tulerit,
881 2365 1002 2396 videtur
1013 2368 1090 2395 natu
1102 2364 1253 2394 maximus
1265 2363 1358 2394 fuisse
1368 2366 1463 2403 atque
1475 2364 1553 2394 satis

170 2417 422 2457 estimprobabile
432 2418 557 2448 fratrem
561 2417 617 2458 jun
623 2418 714 2448 iorem
726 2417 868 2458 majorem
879 2418 1096 2449 auctoritatem
1108 2417 1248 2447 habuisse
1255 2425 1346 2456 quam
1357 2416 1365 2446 i
1369 2426 1422 2456 pse
1428 2416 1551 2449 Critias,

171 2469 299 2500 Accedit
326 2470 407 2510 quod
431 2470 546 2501 Critiae
570 2471 676 2501 fratris
702 2480 855 2510 nusquam
882 2471 998 2501 mentio
1022 2470 1066 2509 fit,
1089 2470 1228 2509 quamvis
1254 2470 1305 2499 vix
1332 2469 1474 2500 credibile
1499 2471 1549 2508 sit,

172 2521 345 2563 Platonem,
356 2522 442 2563 eujus
454 2523 561 2554 eratin
574 2526 720 2563 cognatos
732 2523 867 2564 pietatis,
881 2523 962 2554 hunc
975 2532 1069 2553 unum
1083 2532 1120 2552 ne
1132 2522 1222 2552 verbo
1234 2521 1356 2562 quidem
1368 2521 1552 2556 laudavisse.

171 2574 322 2620 Droyseni
338 2576 554 2617 conjecturam,
572 2586 650 2617 quae
666 2576 776 2617 Lysiae
793 2576 1017 2608 Callaeschrum
1031 2576 1145 2607 Critiae
1161 2575 1255 2606 filium
1272 2575 1366 2607 fuisse
1382 2576 1553 2616 contendit,

172 2629 302 2669 simplici
319 2630 547 2670 computatione
564 2630 699 2661 refellere
715 2630 798 2661 licet:
816 2639 886 2660 nam
901 2630 1022 2667 Critias,
1037 2630 1140 2669 paucis
1156 2632 1278 2659 tantum
1295 2629 1385 2659 annis
1401 2632 1475 2660 ante
1492 2632 1554 2661 450

170 2691 197 2713 a.
224 2681 293 2714 Chr.
319 2685 419 2721 natus,
448 2682 531 2713 nullo
558 2682 646 2713 modo
672 2682 769 2713 filium
796 2682 907 2713 habere
934 2682 1045 2722 potuit,
1070 2681 1122 2721 qui
1144 2691 1227 2712 anno
1254 2683 1312 2712 411
1344 2681 1554 2723 Theramenis,

170 2734 267 2774 patris
282 2734 430 2776 aequalis,
445 2735 584 2765 aemulus
601 2735 703 2767 fuerit.
751 2734 861 2775 Itaque
877 2745 945 2765 cum
969 2734 1077 2774 Lysiae
1094 2734 1305 2765 Callaeschrus
1322 2745 1376 2765 nce
1394 2739 1482 2775 pater
1499 2746 1553 2766 nec
