1783 2968
816 576 925 614 CAP.
954 575 1029 613 ΙΙΙ.

287 674 447 711 Constat
484 672 645 710 Critiam
678 677 862 709 oratorem
897 672 1190 709 disertissimum
1224 672 1353 714 fuisse,
1386 671 1496 719 cujus
1530 669 1607 707 elo-

234 735 414 786 quentiae
443 734 620 784 quamvis
649 738 897 771 monumenta
924 737 1086 771 aetatem
1121 747 1197 771 non
1231 733 1402 778 tulerint,
1431 746 1477 770 ex
1508 732 1607 770 anti-

234 810 397 847 quorum
430 797 588 846 judiciis
625 796 719 834 satis
756 796 889 839 elucet,
926 808 1001 844 quo
1040 809 1177 844 genere
1214 795 1367 832 dicendi
1405 808 1497 832 usus
1535 795 1608 831 sit.¹

236 860 456 897 Falsissima
483 863 585 904 sunt,
605 862 649 895 ut
673 858 752 908 jam
782 858 1006 908 Spengelius
1036 859 1257 908 perspexit,²
1277 871 1375 908 quae
1405 858 1537 896 Cicero
1566 857 1606 894 in

233 924 353 961 Bruto
389 923 435 960 de
473 923 544 960 hac
581 935 620 960 re
659 922 810 971 profert.
880 927 898 940 “
913 922 1015 959 Huic
1027 922 1046 936 '’
1079 922 1206 971 inquit
1238 922 1387 959 “aetati
1424 934 1609 970 suppares

235 985 466 1029 Alcibiades,
481 985 632 1029 Critias,
647 984 909 1028 Theramenes,
923 985 1062 1033 quibus
1076 985 1322 1034 temporibus,
1336 984 1438 1034 quod
1455 984 1609 1021 dicendi

234 1061 354 1098 genus
374 1048 549 1096 viguerit,
569 1060 589 1085 e
608 1047 844 1096 Thucydidis
862 1046 1024 1096 scriptis,
1040 1048 1106 1097 qui
1125 1048 1206 1097 ipse
1226 1053 1309 1085 tum
1330 1048 1416 1093 fuit,
1435 1046 1609 1096 intellegi

235 1111 401 1149 maxime
421 1115 563 1160 potest:
581 1110 744 1160 grandes
763 1113 873 1147 erant
892 1111 1027 1155 verbis,
1046 1110 1167 1148 crebri
1187 1110 1399 1154 sententiis,
1420 1122 1610 1158 compres-

235 1174 340 1211 sione
370 1186 496 1211 rerum
528 1173 670 1217 breves,
700 1176 738 1210 et
768 1173 816 1209 ob
846 1185 929 1209 eam
958 1173 1081 1221 ipsam
1112 1185 1265 1210 causam
1295 1172 1490 1209 interdum
1521 1171 1609 1208 sub-

236 1236 417 1274 obscuri.’'
474 1235 579 1273 Illud
606 1236 710 1274 enim
730 1235 1009 1280 “subobscuri''
1030 1236 1171 1274 Critiae
1191 1235 1290 1280 stilo,
1311 1249 1332 1273 a
1362 1235 1552 1283 Dionysio
1572 1239 1610 1271 et

237 1299 479 1349 Hermogene
510 1299 673 1337 testibus
702 1298 824 1336 multo
852 1298 1161 1348 locupletioribus
1190 1298 1390 1348 descripto,
1411 1297 1504 1335 adeo
1533 1310 1611 1334 non

237 1362 427 1407 convenit,
463 1366 508 1400 ut
543 1361 738 1400 versimile
774 1362 826 1399 sit
868 1362 1088 1400 Ciceronem
1132 1362 1171 1399 in
1209 1374 1373 1399 errorem
1420 1361 1610 1399 incidisse.

238 1425 394 1462 Rectius
421 1424 462 1461 in
490 1424 599 1462 libris
619 1425 673 1461 De
694 1425 845 1462 Oratore
864 1424 1024 1461 Critiam
1051 1431 1090 1461 et
1118 1424 1393 1462 Theramenem
1414 1437 1436 1461 a
1456 1423 1609 1471 Thucy-

238 1487 326 1525 dide
346 1487 514 1537 sejungit
540 1491 580 1525 et
607 1500 696 1525 cum
724 1487 837 1537 Lysia
857 1487 1057 1531 consociat,
1077 1487 1201 1531 nixus,
1222 1491 1266 1524 ut
1293 1487 1375 1536 ipse
1395 1487 1609 1536 profitetur,

237 1551 386 1602 scriptis
421 1551 626 1595 nonnullis,
655 1563 753 1599 quae
789 1563 866 1587 una
903 1563 989 1587 cum
1027 1550 1162 1598 Lysiae
1195 1550 1432 1587 orationibus
1470 1549 1613 1586 laudat.

240 1613 346 1658 Quae
373 1613 521 1662 judicia
554 1612 647 1651 adeo
680 1616 772 1650 sunt
804 1613 963 1657 diversa,
995 1616 1038 1650 ut
1070 1613 1121 1650 sit
1153 1612 1360 1662 probabile,
1389 1612 1610 1650 Ciceronem

240 1676 332 1715 haec
352 1676 495 1726 scripta
514 1689 714 1726 nunquam
740 1676 869 1715 dedita
888 1689 1000 1726 opera
1019 1676 1234 1726 perlegisse,
1254 1681 1293 1714 et
1320 1677 1361 1713 in
1389 1677 1519 1722 Bruto,
1538 1676 1614 1714 alio

239 1745 411 1788 tempore
456 1740 608 1789 alioque
648 1740 818 1784 consilio,
858 1752 901 1777 ac
941 1740 994 1776 De
1042 1740 1190 1776 Oratore
1236 1739 1463 1787 conscripto,
1501 1739 1612 1776 novis

241 1802 461 1840 auctoribus
479 1815 593 1840 usum
612 1815 702 1840 esse.

295 1864 372 1909 Qui
413 1864 519 1902 locus
560 1865 601 1901 in
643 1865 740 1902 serie
780 1868 973 1902 oratorum
1015 1864 1155 1901 Critiae
1197 1865 1449 1913 assignandus
1491 1865 1552 1908 sit,
1595 1877 1616 1901 a

241 1926 431 1975 Dionysio
472 1926 806 1964 Halicarnassensi
847 1926 1059 1964 accuratius
1100 1926 1303 1971 indicatur,
1337 1927 1404 1976 qui
1447 1939 1535 1964 eum
1575 1927 1616 1963 in

242 1989 407 2027 eundem
422 1989 595 2026 ordinem
611 1989 756 2039 redegit
771 2002 814 2026 ac
830 1989 991 2038 Lysiam.
1039 1989 1175 2037 Neque
1190 1989 1277 2038 jure
1292 1990 1615 2027 Wilamowitzius

243 2051 395 2088 dubitat
432 2064 481 2089 an
520 2052 732 2100 Dionysius
773 2052 914 2090 Critiae
953 2065 1064 2101 opera
1104 2052 1341 2101 inspexerit.3
1395 2053 1472 2090 Hic
1512 2053 1616 2090 enim

244 2114 386 2151 Critiae
414 2118 453 2152 et
480 2114 692 2153 Andocidis
720 2115 919 2160 orationes,
939 2120 1123 2164 tanquam
1150 2114 1355 2153 lectoribus
1374 2116 1469 2153 satis
1498 2122 1619 2161 notas,

243 2177 378 2221 adfert,
415 2177 584 2226 alibique
631 2178 791 2215 Critiam
836 2178 937 2215 inter
978 2190 1040 2215 eos
1083 2178 1285 2226 scriptores
1329 2183 1531 2216 enumerat
1573 2180 1620 2216 de

244 2239 384 2287 quibus
415 2251 494 2276 non
526 2240 578 2276 sit
613 2239 761 2289 prolixe
793 2239 1066 2284 disserendum,
1094 2239 1196 2277 unde
1225 2240 1350 2278 elucet
1384 2241 1617 2291 Dionysium

246 2303 442 2339 materiem
463 2302 618 2339 uberius
638 2303 685 2339 de
705 2303 826 2339 Critia
844 2302 1066 2351 disputandi
1085 2303 1125 2338 in
1146 2308 1327 2351 promptu
1349 2304 1538 2342 habuisse.

299 2364 451 2401 Primus
472 2364 743 2413 Hermogenes,
763 2365 830 2414 qui
850 2365 1007 2402 Critiam
1029 2377 1106 2401 una
1125 2377 1213 2402 cum
1233 2365 1364 2402 decem
1384 2366 1462 2404 illis
1481 2371 1622 2404 orator-

245 2427 332 2465 ibus
351 2431 531 2471 recenset,
548 2427 680 2464 stilu‘m
696 2427 779 2476 ejus
794 2428 922 2465 dedita
937 2440 1051 2476 opera
1065 2428 1256 2466 describit.
1300 2429 1442 2467 Censet
1462 2430 1623 2467 Critiam

247 2489 433 2526 nonnulla
447 2502 535 2526 cum
551 2489 793 2539 Antiphonte
809 2490 1026 2527 communia
1045 2490 1236 2536 habuisse,
1252 2504 1328 2541 qua
1343 2492 1384 2529 in
1399 2505 1439 2530 re
1455 2492 1623 2530 Pseudo-

247 2552 454 2590 Plutarcho
474 2552 697 2590 assentitur:
717 2552 882 2590 traditur
900 2553 1003 2590 enim
1022 2553 1063 2590 in
1087 2554 1172 2592 Vita
1191 2555 1442 2606 Antiphontis
1462 2556 1622 2593 Critiam

333 2681 343 2700 1
364 2679 441 2731 Test.
461 2681 536 2713 Ant.
554 2680 589 2713 V.
610 2683 701 2712 l—lO.
902 2685 913 2700 ’-“
929 2682 1070 2723 Spengel,
1088 2684 1263 2723 Συναγωγῆ
1280 2686 1400 2725 τεχνῶν.
1420 2696 1448 2727 p.
1469 2688 1538 2717 120.

332 2731 342 2746 ³
358 2732 406 2766 Of.
425 2733 636 2774 Wilamowitz,
653 2733 708 2768 loc.
727 2736 779 2767 cit.
