1783 2968
866 243 889 278 4

233 345 326 391 (11.)
352 344 407 381 ἿΓΩ
442 344 586 384 Μένων
618 345 695 397 πρὸ
726 348 794 384 τοῦ
822 345 893 394 μὲν
923 346 1121 385 Θετταλοὶ
1150 346 1342 396 εὐδόκιμοι
1371 345 1473 394 ἦσαν
1502 345 1568 385 καὶ

179 405 438 454 ἐθαυμάζοντο
459 406 519 457 ἐφ’
543 406 684 457 ἱππικῇ
705 424 746 446 τε
765 407 830 446 καὶ
848 413 1020 459 πλούτῳ,
1042 412 1107 448 νῦν
1126 409 1177 459 δε,
1198 410 1248 450 ὡς
1267 408 1352 458 ἐμοὶ
1371 409 1483 459 δοκεῖ,
1504 408 1569 447 καὶ

179 467 244 506 ἐπὶ
264 469 398 521 σοφίᾳ,
415 469 480 508 καὶ
500 470 575 523 οὐχ
588 470 732 519 ἥκιστα
746 469 783 509 οἱ
796 473 864 509 τοῦ
879 474 952 510 σοῦ
968 471 1120 524 ἑταίρου
1137 471 1391 524 Αριστίππου
1405 474 1568 511 πολῖται

178 531 403 582 Λαρίσαιοι·
459 532 598 571 τούτου
634 533 674 571 δὲ
708 533 796 582 ὑμῖν
829 532 950 575 αἰτιός
982 534 1069 573 ἐστι
1106 535 1282 587 Γορνγίας·
1339 534 1569 584 ἀφικόμενος

174 594 250 645 ’γὰρ
270 593 322 635 εἰς
341 594 411 642 τὴν
430 595 550 649 πόλιν
569 595 735 648 ἐραστὰς
755 595 820 634 ἐπὶ
839 597 963 649 σοφίᾳ
991 597 1150 648 εἴληφεν
1170 596 1391 636 Ἀλευαδῶν
1418 613 1460 636 τε
1479 612 1566 639 τους

176 656 365 707 πρώτους,
386 657 440 696 ὧν
459 657 478 696 ὁ
500 658 569 700 σὸς
598 659 765 710 ἐραστής
794 659 904 698 ἐστιν
933 659 1209 712 Ἀρίστιππος,
1235 660 1300 698 καὶ
1329 662 1406 698 τῶν
1433 659 1570 699 ἄλλων

178 719 557 759 Θετταλῶν.-Ρίαί.
575 722 671 759 fison.
694 722 768 762 178
789 722 830 760 B.

229 815 320 862 (12.)
354 814 452 853 κατὰ
471 814 511 853 δὲ
530 820 666 854 τοῦτον
685 816 751 854 τὸν
770 817 905 867 καιρὸν
925 817 990 866 (sc.
1013 817 1110 854 intio
1139 822 1390 866 tyrannorum
1420 821 1564 866 potest-

175 877 265 926 atis)
304 876 394 928 περὶ
432 877 545 926 ἡλίου
581 878 763 930 ἔκλειψιν
795 877 1027 930 Λυκόφρων,
1062 877 1081 917 ὁ
1119 880 1294 931 Φεραῖος,
1324 878 1565 928 βουλόμενος

176 937 293 989 ἄρξαι
338 939 432 987 ὅλης
477 943 545 988 τῆς
591 940 812 983 Θετταλίας
858 940 945 982 τοὺς
990 940 1297 990 ἐναντιουμένους
1339 941 1443 992 αὐτῷ
1488 943 1565 980 τῶν

177 1002 401 1052 Θετταλῶν,
449 1002 689 1054 Λαρισαίους
741 1019 782 1041 τε
827 1002 893 1040 καὶ
942 1002 1101 1053 ἄλλους,
1148 1003 1259 1054 μάχῃ
1305 1002 1456 1050 ἐνίκησε
1503 1003 1564 1042 καὶ

176 1066 351 1104 πολλοὺς
371 1062 757 1103 ἀπέκτεινεν.-Χοφι.
778 1066 878 1102 Ηιζςί.
901 1066 1025 1102 Gracc.
1048 1066 1100 1103 ΙΙ.
1122 1067 1156 1110 3,
1175 1066 1209 1102 4.

226 1158 321 1206 (13.)
353 1157 517 1209 Κριτίας
535 1157 606 1207 μὲν
626 1158 760 1209 φυγὼν
779 1158 831 1200 εἰς
850 1158 1076 1197 Θετταλίαν
1095 1158 1173 1197 ἐκεῖ
1197 1161 1318 1207 συνῆν
1347 1158 1563 1210 ἀνθρώποις

174 1219 315 1270 ἀνομίᾳ
333 1222 490 1267 μᾶλλον
508 1220 532 1268 ἢ
552 1220 777 1271 δικαιοσύνῃ
797 1221 1174 1273 χρωμένοις.--Χιή.
1195 1222 1301 1259 flIem.
1325 1222 1353 1258 I.
1376 1223 1410 1265 2,
1432 1223 1490 1258 24.

226 1313 322 1361 (14.)
352 1312 416 1351 καὶ
436 1312 557 1362 εἰμὲν
582 1313 812 1356 ἀπαίδευτος
844 1314 895 1353 ὢν
925 1313 977 1356 εἰς
1008 1313 1099 1353 τάδε
1129 1313 1289 1367 ὑπήχθη
1320 1313 1455 1366 ἕρρωτ’
1475 1313 1523 1353 ἂν
1543 1313 1562 1352 ὁ

173 1373 288 1422 λόὙος
322 1378 401 1415 τοῖς
435 1376 658 1425 φάσκουσιν
690 1376 766 1414 ὑπὸ
799 1376 1020 1417 Θετταλίας
1053 1375 1118 1414 καὶ
1150 1379 1217 1424 τῆς
1251 1376 1374 1425 ἐκείνῃ
1408 1375 1563 1424 ὁμιλίας

171 1437 458 1488 παρεφθορὲναι
478 1437 604 1476 αὐτὸν.

171 1499 274 1538 ὥστε
304 1500 570 1552 ἐνθυμουμένῳ
602 1503 727 1540 ταῦτα
758 1501 921 1553 Κριτίας
950 1501 998 1540 ἂν
1017 1501 1074 1550 εἴη
1105 1500 1329 1542 Θετταλοὺς
1352 1499 1561 1553 διεφθορὼς

170 1564 327 1610 μᾶλλον
346 1561 370 1610 ἦ
392 1563 561 1615 Κριτίαν
581 1564 999 1602 Θετταλόι.-Ρ1ιι’ἰο8ί.
1029 1565 1102 1602 Vit.
1128 1565 1285 1613 Sophist.
1309 1564 1337 1601 I.
1361 1565 1417 1601 16.

220 1658 316 1704 (15.)
345 1657 456 1698 τέλος
476 1657 516 1695 δὲ
548 1657 710 1709 Κριτίας
731 1657 911 1696 ἐδίδασκε
930 1657 1159 1709 Λύσανδρον
1178 1657 1227 1698 ὡς
1248 1656 1467 1705 Ἀθηναίων
1492 1657 1560 1695 οὐκ

170 1718 256 1756 ἔστι
302 1719 672 1771 δημοκρατουμένων
717 1722 910 1772 ἀσφαλῶς
955 1720 1092 1772 ἄρχειν
1135 1719 1449 1767 Λακεδαιμονίοις
1494 1722 1561 1767 τῆς

163 1779 372 1822 Ἱῧλλάδος·
430 1781 659 1830 Ἀθηναίους
697 1782 736 1820 δὲ
774 1783 846 1821 κᾶν
883 1783 1016 1833 πρᾴως
1053 1781 1157 1820 πάνυ
1194 1781 1258 1820 καὶ
1296 1783 1424 1823 καλῶς
1461 1780 1559 1832 πρὸς

170 1844 408 1895 ὀλιγαρχίαν
427 1843 587 1896 ἔχουσιν
607 1845 676 1883 οὐκ
696 1845 803 1883 ἐάσει
824 1846 894 1892 ζῶν
914 1844 1172 1892 Ἀλκιβιάδης
1192 1844 1370 1896 ἀτρεμεῖν
1389 1843 1455 1882 ἐπὶ
1483 1845 1560 1882 τῶν

168 1905 598 1945 καθεστώτων.-Ρῖἰιί.
619 1908 702 1945 Alc.
724 1909 782 1944 38.

219 2011 364 2048 Eodem
406 2015 577 2061 tempore
623 2012 762 2049 Critias
810 2011 1003 2061 ceterique
1051 2011 1208 2060 tyranni
1254 2010 1555 2048 Atheniensium

166 2077 287 2109 cerbos
326 2074 500 2111 homines
529 2074 586 2110 'ad
624 2074 866 2122 Lysandrum
898 2074 937 2110 in
977 2073 1112 2110 Asiam
1146 2073 1338 2117 miserant,
1367 2073 1435 2122 qui
1467 2085 1554 2110 eum

167 2135 366 2173 certiorem
384 2136 565 2181 facerent,
582 2136 657 2173 nisi
674 2135 897 2173 Alcibiades
917 2135 1148 2179 sustulisset,
1163 2134 1261 2171 nihil
1282 2147 1411 2172 earum
1427 2147 1555 2172 rerum

167 2197 244 2233 fore
272 2203 398 2234 ratum
427 2211 522 2247 quas
554 2199 636 2247 ipse
661 2198 830 2235 Abhenis
857 2196 1135 2234 constituisset:
1179 2209 1306 2245 quare,
1327 2197 1358 2233 si
1385 2209 1473 2234 suas
1497 2209 1556 2234 res

165 2263 291 2307 gestas
311 2272 467 2298 manere
487 2260 615 2305 vellet,
635 2260 746 2297 illum
768 2259 1219 2309 persequeretur.—Nep.
1251 2258 1323 2296 Vit.
1345 2259 1428 2295 Αίυ.
1452 2260 1509 2296 10.

456 2439 532 2475 ΙΙΙ.
562 2439 625 2475 DE
655 2441 795 2476 CRITIA
824 2439 1008 2475 GORGIAE
1036 2438 1264 2475 DISCIPULO.

216 2550 286 2596 (1.)
315 2548 533 2601 διαλεχθεὶς
568 2550 608 2588 δὲ
640 2550 853 2597 Ἀθήνησιν
872 2553 936 2599 (sc.
971 2548 1151 2601 Γοργίας)
1180 2548 1252 2596 ἤδη
1282 2550 1492 2599 ’γηράσκων
1522 2549 1556 2588 εἰ

161 2610 231 2658 μὲν
262 2609 337 2648 ὑπὸ
368 2613 446 2648 τῶν
475 2614 638 2650 πολλῶν
668 2611 908 2661 ἐθαυμάσθη,
928 2610 1037 2649 οὔπω
1070 2611 1210 2660 θαῦμα,
1230 2609 1249 2647 ὁ
1282 2609 1322 2647 δὲ
1352 2609 1458 2658 οἶμαι
1488 2610 1553 2648 καὶ

161 2673 248 2714 τοὺς
268 2673 610 2722 ἐλλοΎιμωτάτους
637 2675 894 2727 ἀνηρτήσατο,
925 2673 1091 2725 Κριτίαν
1119 2674 1189 2722 μὲν
1209 2672 1273 2711 καὶ
1294 2672 1553 2721 Ἀλκιβιάδην

163 2734 233 2772 νέω
254 2735 340 2773 ὅντε
360 2754 390 2776 κ.
413 2754 446 2774 τ.
468 2739 712 2775 λ.--])Ιιι’ἰο.ςι“.
744 2739 816 2775 Vzt.
839 2738 995 2786 Soplcist.
1020 2738 1047 2774 Ῑ.
1071 2738 1102 2773 9.
