1783 2968
830 270 878 307 20

161 384 436 421 saepenumero
465 372 566 409 inter
594 373 761 411 Socratis
790 374 949 412 comites
970 374 1017 413 de
1035 375 1149 413 rebus
1177 374 1384 412 admodum
1413 387 1545 412 recon-

161 433 253 470 ditis
282 433 386 470 haud
415 433 570 472 indocte
598 434 851 473 disserentem
879 435 1053 474 inducit.¹
1121 436 1228 482 Quae
1255 448 1343 474 cum
1372 436 1426 473 ita
1455 435 1546 480 sint,

160 508 236 532 non
254 495 404 541 desunt,
420 496 488 545 qui
507 496 692 546 suspicati
713 497 925 543 Platonem,
941 498 1128 536 affinitate
1147 498 1368 543 adductum,
1384 500 1545 549 cognato

161 558 276 595 nimis
297 557 450 602 favisse,
469 558 770 608 Xenophontem
799 564 986 610 tanquam
1015 565 1153 599 testem
1182 561 1374 599 sincerum
1402 565 1441 598 et
1468 560 1544 598 fide

161 620 374 670 digniorem
395 621 504 670 sequi
525 621 700 659 malunt.2

212 693 399 730 Attamen
432 692 557 730 multa
589 706 651 730 me
684 694 890 742 prohibent
927 706 975 731 ne
1009 693 1210 731 Platonem
1249 693 1364 742 hujus
1396 692 1544 730 fraudis

157 753 388 792 insimulem.
447 755 609 792 Constat
637 755 740 793 enim
761 756 843 805 ejus
870 755 1048 806 dialogos,
1068 768 1302 806 quamquam
1322 755 1362 792 in
1382 754 1545 805 singulis

159 817 284 854 multa
321 831 425 855 more
462 822 664 867 poetarum
698 819 788 856 ficta
821 819 1031 863 continent,
1064 831 1256 868 nusquam
1290 818 1543 855 fundamento

160 879 326 928 quodam
367 880 542 918 veritatis
584 893 731 918 carere:
779 893 902 930 neque
940 880 1120 918 credibile
1158 880 1312 918 videtur
1349 892 1437 917 eum
1475 879 1543 916 uni

160 943 303 981 Critiae
338 947 466 992 partes
499 944 547 981 ab
575 943 730 993 ingenio
763 956 916 993 prorsus
945 943 1090 981 alienas
1124 943 1334 981 mandasse.
1390 941 1543 980 Deinde

157 1005 245 1054 quis
265 1006 396 1043 credat
424 1006 638 1050 Platonem,
658 1007 725 1055 qui
746 1019 866 1055 aeque
885 1019 929 1043 ac
957 1005 1176 1055 Xenophon
1205 1005 1373 1043 Socratis
1393 1008 1542 1042 amator

158 1068 245 1112 fuit,
283 1068 458 1118 magistri
495 1068 716 1106 memoriam
756 1072 864 1106 tanta
902 1068 1060 1106 levitate
1098 1068 1302 1117 projecisse
1339 1071 1394 1112 ut,
1432 1067 1543 1116 quasi

157 1130 291 1178 Anyto
321 1130 593 1180 Polycratique
622 1132 861 1180 suffragatus,
890 1130 1087 1168 hominem
1116 1130 1407 1180 nequissimum,
1437 1129 1542 1167 omni

157 1192 423 1242 philosophiae
457 1193 586 1230 studio
620 1193 851 1231 destitutum
884 1193 925 1230 in
959 1206 1162 1231 numerum
1202 1192 1367 1230 Socratis
1401 1191 1541 1228 famili-

155 1255 279 1292 arium
316 1256 512 1305 redegerit.
588 1256 691 1293 Nota
732 1255 800 1293 illa
837 1255 1054 1305 descriptio,
1091 1269 1114 1292 a
1151 1254 1313 1292 Proculo
1351 1256 1539 1299 servata‚³

157 1317 329 1355 Platonis
362 1317 629 1355 testimonium
662 1318 874 1363 confirmat,
903 1318 966 1355 cui
997 1317 1220 1355 Aristotelis
1254 1321 1293 1354 et
1325 1319 1538 1354 ceterorum

155 1379 230 1417 loci
259 1380 458 1425 accedunt,
487 1393 533 1417 ex
563 1380 705 1429 quibus
734 1384 894 1429 apparet
934 1380 1096 1418 Critiam
1125 1380 1166 1416 in
1194 1379 1302 1416 libris
1331 1378 1543 1416 scribendis

155 1441 472 1491 philosophorum
494 1441 690 1480 doctrinae
710 1455 785 1479 non
808 1441 971 1478 oblitum
992 1440 1099 1479 esse.4

211 1515 443 1564 Ceteroquin
489 1515 760 1563 Xenophontis
801 1515 1010 1551 auctoritas
1050 1514 1105 1551 eis
1147 1525 1300 1562 quoque
1341 1512 1542 1556 minuitur,

155 1590 254 1627 quae
274 1578 416 1615 nostris
444 1578 683 1627 temporibus
703 1577 750 1615 de
778 1577 1080 1615 Memorabilium
1100 1575 1247 1626 origine
1266 1575 1540 1626 cognovimus.⁵

158 1641 313 1678 Etenim
333 1641 397 1678 hic
418 1641 514 1678 liber
534 1640 738 1677 calumniis
760 1645 988 1689 provocatus
1008 1652 1103 1689 quas
1124 1639 1345 1688 Polycrates
1375 1638 1542 1676 Socratis

158 1703 363 1741 memoriae
384 1703 571 1748 adhibuit,
593 1703 754 1741 eandem
775 1703 852 1740 fere
882 1703 1083 1740 materiam
1112 1715 1155 1739 ac
1183 1701 1398 1752 Polycratis
1419 1700 1540 1738 oratio

159 1767 349 1803 tractavit.
407 1766 625 1815 Xenophon
646 1766 764 1814 igitur
783 1779 871 1802 cum
892 1766 1002 1814 quasi
1022 1766 1122 1802 intra
1144 1766 1238 1802 fines
1258 1765 1306 1801 ab
1325 1764 1543 1801 adversario

161 1828 414 1878 praescriptos
447 1832 673 1873 versaretur,
707 1827 806 1864 nihil
839 1827 885 1865 de
919 1827 1040 1865 Critia
1073 1839 1369 1864 commemorare
1407 1826 1541 1863 debuit

162 1891 237 1928 nisi
258 1904 302 1928 ea
322 1903 421 1939 quae
442 1891 589 1939 aliquid
610 1891 656 1927 ad
678 1890 890 1939 Polycratis
906 1890 1065 1927 crimina
1084 1890 1287 1927 refutanda
1306 1889 1541 1938 praeberent.

161 1955 291 2002 Atque
330 1966 369 1990 re
407 1966 498 1990 vera
536 1953 738 2002 opprobria
779 1953 847 1989 illa
885 1953 1025 2001 quibus
1068 1952 1211 1989 Critiae
1249 1955 1288 1988 et
1329 1950 1542 1988 Alcibiadis

158 2016 342 2053 memoria
369 2015 411 2052 in
440 2015 745 2052 Memorabilibus
773 2015 953 2064 operitur,
982 2027 1059 2051 non
1093 2015 1141 2051 ab
1168 2014 1251 2063 ipso
1284 2012 1543 2062 Xenophonte

158 2078 226 2114 sed
264 2077 386 2126 magis
419 2089 441 2114 a
479 2077 679 2125 Polycrate
713 2081 795 2113 orta
827 2088 908 2114 esse
941 2076 1148 2113 videntur.⁶
1202 2075 1305 2112 Nam
1337 2087 1357 2112 e
1390 2074 1542 2111 Libanii

157 2140 347 2191 Apoloqz'a
391 2139 485 2177 satis
529 2138 656 2176 elucet
698 2138 890 2176 rhetorem
929 2137 1072 2176 Critiae
1110 2141 1148 2175 et
1184 2136 1398 2175 Alcibiadis
1436 2136 1542 2174 vitiis

158 2203 323 2240 virtutes
365 2214 497 2239 eorum
538 2201 772 2250 opposuisse,
810 2201 888 2250 qui,
927 2200 1071 2238 nullius
1108 2200 1328 2250 philosophi
1368 2199 1543 2237 doctrina

158 2264 302 2310 insecti,
323 2264 469 2315 optime
490 2263 536 2301 de
556 2263 682 2313 patria
706 2263 835 2301 meriti
863 2266 1001 2308 essent,
1022 2262 1244 2313 Socratique
1264 2261 1542 2313 discipulorum

156 2328 308 2372 scelera,
338 2331 526 2376 tanquam
554 2330 725 2364 maturos
754 2327 950 2364 doctrinae
979 2327 1137 2372 fructus,
1156 2327 1347 2377 objecisse.
1404 2327 1542 2377 Itaque

197 2462 206 2481 ¹
224 2463 305 2495 Plat.
326 2462 452 2494 Clzarm.
470 2462 603 2503 Protay.
625 2461 707 2494 Tim.

198 2519 207 2533 ²
220 2515 577 2556 Of.Mi'111er-Stri·1bi11g,
593 2514 715 2545 Plzilol.
734 2514 848 2556 ›SuppL
867 2514 926 2546 Bd.
946 2515 1000 2546 IV.
1021 2517 1089 2547 103.

197 2572 207 2587 ’Ἰ
224 2568 340 2605 ἰδιώτης
355 2569 412 2610 μὲν
428 2570 457 2601 ἐν
473 2569 657 2608 Φιλοσόφοις,
679 2570 841 2607 Φιλόσοφος
856 2566 878 2600 δ’
898 2570 926 2600 ὲν
942 2567 1085 2606 ἰδιώταις.
1133 2568 1252 2602 Procul.
1271 2567 1313 2599 In
1334 2567 1416 2601 Tim.
1434 2570 1473 2599 22
1489 2566 1529 2600 D.

201 2622 207 2640 ·¹
229 2622 306 2656 Text.
326 2623 401 2655 Aut.
421 2623 476 2654 IV.
496 2625 587 2654 1-12.

195 2678 206 2694 ³
223 2676 268 2709 Cf.
292 2677 399 2716 Cobet,
422 2675 532 2707 Novae
555 2675 727 2716 Lectiones,
749 2678 809 2708 661
837 2686 902 2716 sqq.
949 2675 1166 2714 Breitenbach,
1183 2674 1336 2715 .lalarb.f.
1364 2674 1448 2705 ΙἸιίῖ.
1470 2674 1539 2713 xci.,

153 2731 211 2761 301
232 2741 237 2761 :
261 2739 340 2769 cxv.,
360 2731 429 2769 115,
448 2731 519 2760 455.
566 2728 709 2761 Schenkl.
728 2728 872 2770 Xenoplc.
891 2727 1036 2768 Studien,
1056 2730 1070 2758 1
1089 2738 1154 2769 sqq.

196 2781 208 2798 ‘⁵
224 2783 270 2813 Cf.
290 2782 403 2814 Hirzel.
425 2780 522 2812 Rken.
542 2781 623 2812 Mus.
642 2781 705 2812 xlii.
724 2783 785 2813 245
802 2792 868 2822 sqq.
