1783 2968
935 219 957 254 5

305 321 372 370 (2.)
397 320 557 373 Κριτίας
569 320 609 359 δὲ
621 320 685 360 καὶ
700 321 933 370 Θουκυδίδης
949 322 1017 361 οὐκ
1028 323 1255 372 ἀγνοοῦνται
1269 321 1313 361 τὸ
1325 320 1634 371 μεὙαλόΎνωμον

252 382 316 420 καὶ
331 382 400 430 τὴν
415 386 539 434 ὀφρὺν
552 383 643 434 παρ’
659 383 777 422 αὐτοῦ
794 387 856 433 (SC.
875 385 1052 435 Γοργίου)
1070 384 1303 433 κεκτημένοι,
1318 400 1417 433 μετα
1435 385 1635 423 ποιοῦντες

252 444 282 483 δ’
311 444 405 484 αὐτὸ
432 445 468 487 ἐς
494 444 537 484 τὸ
562 444 699 485 οἰκεῖον
727 445 746 484 ὁ
770 446 840 496 μὲν
867 446 930 486 ὑπ’
959 447 1195 497 εὐγλωττίας
1221 445 1240 485 ὁ
1269 446 1300 485 δ’
1332 445 1407 485 ὑπὸ
1436 445 1633 498 ῥώμης.-

1203 512 1355 548 ΡΙιίίοεέ.
1377 511 1496 559 Epist.
1518 510 1577 547 73.

305 582 373 630 (3)
399 581 515 623 ὅσους
550 581 680 630 μέντοι
717 581 855 634 ἔχομεν
892 582 956 620 ἐπὶ
992 583 1035 621 τὸ
1072 582 1338 621 παλαιότατον
1376 581 1631 634 ἀναφέροντες

252 643 593 692 ἀπομνημονεῦσαι
620 643 690 692 τὴν
709 644 810 682 ἰδέαν
829 647 905 683 τῶν
923 645 1053 694 λόγων
1071 645 1214 694 ταύτην
1237 643 1632 698 μεταχειρισαμένους

250 706 404 747 τούτους
432 706 535 758 εὕροι
563 722 620 748 τις
648 705 695 745 ἂν
722 706 1038 755 ἐπιβεβληκότας
1056 706 1301 758 Ἀντιφῶντι,
1322 707 1531 759 πρεσβύτῃ
1558 705 1630 754 ἤδη

250 768 342 812 ὄντι,
363 768 442 807 οἶον
462 768 722 817 Ἀλκιβιάδην
751 769 917 821 Κριτίαν
946 770 1097 808 Λυσίαν
1118 770 1629 823 Ἀρχῖνοα-Ρὸειιᾱο-Ρίτιί.

261 832 332 870 Vit.
353 833 515 882 Antz'plz.

294 947 359 983 IV.
392 948 497 993 QUID
526 948 786 985 EMPEDOCLES
815 957 861 984 ET
890 947 1052 985 Cl-:mAS
1081 949 1142 984 DE
1171 950 1309 985 ANIMA
1339 949 1601 986 CENSUERINT.

305 1031 373 1079 (1.)
403 1029 489 1068 ὅσοι
526 1029 596 1078 μὲν
628 1030 694 1068 οὖν
726 1029 791 1068 ἐπὶ
821 1029 864 1068 τὸ
892 1030 1079 1068 κινεῖσθαι
1107 1029 1150 1068 τὸ
1178 1030 1361 1081 ἔμψυχον
1388 1029 1633 1080 ἀπέβλεψαν

251 1091 357 1130 οὗτοι
385 1092 429 1130 τὸ
457 1092 755 1140 κινητικώτατον
784 1092 986 1138 ὑπέλαβον
1014 1095 1083 1139 τὴν
1109 1092 1258 1144 ψυχήν·
1312 1092 1398 1129 ὅσοι
1427 1091 1467 1129 δὲ
1495 1092 1562 1130 ἐπῖ
1589 1091 1632 1129 τὸ

250 1156 455 1203 ’γινώσκειν
487 1155 552 1193 καὶ
590 1155 633 1193 τὸ
670 1155 928 1193 αἰσθάνεσθαι
965 1157 1039 1193 τῶν
1071 1155 1191 1193 ὄντων
1223 1154 1327 1192 οὗτοι
1363 1154 1524 1203 λέγουσι
1561 1154 1633 1202 τὴν

253 1217 392 1269 ψυχὴν
420 1218 487 1259 τὰς
516 1217 641 1269 ἀρχὰς
669 1217 705 1255 οἱ
731 1217 801 1266 μὲν
828 1218 986 1258 πλείους
1013 1221 1218 1260 ποιοῦντες,
1239 1217 1274 1255 οἱ
1301 1216 1341 1255 δὲ
1367 1217 1460 1265 μίαν
1488 1216 1632 1264 ταύτην

252 1278 386 1331 ὥσπερ
408 1279 677 1329 Ἐμπεδοκλῆς
703 1279 773 1328 μὲν
799 1280 841 1318 ἐκ
868 1282 943 1318 τῶν
971 1278 1163 1331 στοχείων
1190 1279 1348 1318 πάντων
1375 1278 1471 1318 εἶναι
1499 1279 1540 1317 δὲ
1567 1279 1633 1317 καὶ

250 1343 416 1381 ἕκαστον
434 1343 574 1395 ψυχὴν
593 1343 960 1381 ruffinum—Ariston
981 1344 1035 1380 Do
1053 1344 1196 1379 Anima
1221 1343 1247 1379 Ι.
1270 1343 1302 1387 2,
1324 1344 1354 1379 6.

303 1416 371 1463 (2)
401 1414 523 1465 ἕτεροι
555 1414 586 1452 δ’
621 1414 718 1463 αἷμα
750 1419 815 1463 (sc.
845 1414 915 1462 τὴν
945 1414 1085 1466 ψυχὴν
1116 1413 1210 1452 εἶναι
1241 1413 1418 1463 λέγουσι)
1452 1414 1629 1465 καθάπερ

253 1476 416 1528 Κριτίας
453 1477 496 1516 τὸ
533 1477 790 1516 ἀισθάνεσθαι
826 1480 963 1529 ψυχῆς
999 1476 1231 1515 οἰκειότατον
1272 1476 1629 1526 ὑπολαμβάνοντες.

1025 1541 1234 1577 -Ανιζςίοὰ
1256 1553 1309 1590 op.
1330 1541 1386 1577 cit.
1410 1540 1439 1577 Ι.
1462 1541 1495 1583 2,
1517 1540 1575 1577 19.

301 1613 367 1662 (3.)
411 1612 430 1651 ὁ
463 1612 504 1651 δὲ
536 1612 579 1652 τὸ
611 1612 708 1662 αἷμα
739 1612 808 1661 τὴν
840 1612 980 1666 ψυχὴν
1013 1613 1163 1660 θέμενος
1198 1612 1361 1663 Κριτίας
1393 1613 1469 1651 εἴτε
1502 1612 1521 1651 ὁ
1553 1615 1629 1652 τῶν

250 1677 457 1727 τριάκοντα
475 1677 672 1725 Γγενόμενος
691 1677 743 1718 εἷς
762 1677 836 1715 εἴτε
855 1676 1048 1726 σοφιστής
1067 1693 1123 1718 τις
1143 1675 1248 1714 οὐδὲν
1267 1676 1356 1724 ἡμῖν
1375 1675 1522 1714 διοίσει.
1578 1676 1630 1717 εἰς

250 1741 363 1776 τοῦτο
383 1738 422 1776 δὲ
443 1738 655 1791 ὑπεφέρετο
676 1738 738 1777 διὰ
757 1738 800 1777 τὸ
819 1738 867 1777 τὰ
887 1739 926 1777 ἐν
945 1739 1035 1787 ἡμῖν
1049 1737 1191 1787 ἄναιμα
1210 1737 1288 1775 οἷον
1303 1737 1351 1775 τὰ
1370 1738 1471 1776 ὅστᾶ
1489 1738 1629 1776 ἀναίσ-

249 1800 347 1847 θητα
366 1799 742 1852 &pam—Simplicius
769 1803 820 1838 ad
848 1802 907 1838 loc.

301 1873 369 1922 (4.)
404 1873 570 1925 Κριτίαν
602 1873 658 1912 ἔτι
690 1873 756 1912 τὸν
793 1875 857 1913 ἕνα
888 1876 964 1912 τῶν
991 1873 1197 1925 τριάκοντα
1228 1871 1268 1913 ὃς
1300 1872 1365 1910 καὶ
1398 1869 1630 1924 Σωκράτους

250 1933 471 1986 ἠκροάσατο
503 1935 527 1984 ἢ
560 1934 625 1974 καὶ
656 1935 780 1975 ἄλλον
812 1934 898 1974 τινὰ
929 1935 1046 1984 λένγει·
1112 1934 1217 1973 οὐδὲν
1248 1933 1324 1986 ’γὰρ
1357 1934 1630 1987 διαφερόμεθα·

251 1998 351 2048 φασὶ
379 1997 419 2037 δὲ
446 1998 511 2037 καὶ
539 1999 704 2051 Κριτίαν
730 1998 926 2048 ’γεγονέναι
959 1997 1164 2050 σοφιστὴν,
1193 1997 1237 2036 οὗ
1265 1998 1329 2036 καὶ
1362 1997 1411 2037 τὰ
1439 1998 1632 2050 φερόμενα

251 2062 510 2112 συὙΎράματα
537 2060 631 2100 εἶναι
650 2062 699 2102 ὡς
717 2060 973 2112 Ἀλέξανδρος
1000 2063 1116 2110 λέγει·
1144 2061 1209 2099 τὸν
1226 2060 1302 2112 ’γὰρ
1330 2064 1406 2100 τῶν
1424 2062 1633 2112 τριάκοντα

249 2123 345 2171 μηδὲ
363 2122 597 2176 Γγενγραφέναι
616 2123 718 2162 ἄλλο
748 2139 797 2173 τι,
818 2123 924 2172 πλὴν
942 2126 1140 2164 πολιτείας
1163 2122 1380 2174 ἐμμέτρους·
1437 2123 1546 2165 οὗτος
1566 2124 1633 2162 οὖν

250 2185 319 2233 τὴν
351 2186 491 2238 ψυχὴν
528 2186 659 2235 ἔλεΎεν
690 2186 786 2235 αἷμα
823 2186 928 2225 εἶναι·
986 2186 1091 2235 Αἷμα
1122 2185 1197 2237 ’γὰρ
1233 2186 1384 2235 (φησὶν)
1417 2187 1632 2238 ἀνθρώποις

248 2248 498 2300 περικάρδιόν
534 2249 620 2287 ἐστι
657 2248 790 2298 νόημα.
863 2252 976 2288 τοῦτο
1013 2248 1064 2299 δὲ,
1103 2248 1186 2287 ἐπει
1222 2248 1268 2295 δὴ
1305 2248 1375 2297 τὴν
1410 2249 1552 2301 ψυχὴν
1588 2250 1632 2288 τὸ

249 2310 508 2350 αἰσθάνεσθαι
553 2311 861 2363 ἐχαρακτήριζεν·
934 2311 1151 2359 ἀναίσθητα
1192 2310 1232 2349 δὲ
1272 2310 1321 2349 τὰ
1367 2312 1512 2361 ἄναιμα
1557 2315 1633 2351 τῶν

250 2377 407 2425 μορίων,
448 2376 591 2426 τρίχες,
632 2372 744 2424 ὀστᾶ,
788 2373 922 2425 ὄνυχες
968 2372 1032 2411 καὶ
1076 2371 1125 2410 τὰ
1170 2375 1342 2411 τοιαῦτα·
1415 2373 1518 2412 ὥστε
1566 2377 1634 2423 τῆς

249 2435 471 2484 αἰσθήσεως
491 2436 614 2474 αἴτιον
632 2435 676 2474 τὸ
696 2435 804 2484 αἷμα·
834 2437 855 2484 ἡ
871 2436 911 2474 δὲ
929 2436 1110 2483 αἴσθησις
1129 2438 1266 2486 ψυχῆς
1282 2435 1634 2475 {Stoa—‘Iohannes

250 2499 482 2548 Plciloponus
500 2500 552 2536 ad
571 2500 631 2536 loc.
651 2500 710 2536 eit.

306 2573 370 2621 (5.)
400 2574 477 2609 τῶν
496 2571 536 2609 δὲ
555 2571 852 2623 φορτικωτέρων
871 2571 935 2608 καὶ
955 2570 1055 2621 ὕδωρ
1072 2587 1168 2612 τινες
1188 2572 1443 2622 ἀπεφήσαντο
1458 2573 1635 2625 καθάπερ

248 2636 426 2678 Ἵππων·
493 2654 501 2663 ·
557 2654 564 2662 ·
623 2653 631 2663 ·
688 2637 752 2677 καὶ
780 2637 856 2691 ’γὰρ
882 2638 1035 2691 ε’λεΎχει
1065 2638 1152 2681 τοὺς
1181 2639 1276 2689 αἷμα
1308 2641 1534 2691 φάσκοντας
1567 2642 1636 2691 τήν

250 2707 612 2758 ψυχήν.-Α7·ι’.ςίοί.
635 2721 688 2757 op.
710 2709 768 2744 cit.
791 2708 819 2744 Ι.
843 2709 875 2751 2,
893 2709 949 2744 18.
