1783 2968
388 714 1008 771 TESTIMONIA
1061 713 1541 781 ANTIQUA.

711 1116 740 1153 I.
771 1116 832 1152 DE
861 1116 1023 1153 CRITIAE
1051 1116 1198 1153 GENTE.

319 1234 388 1281 (1.)
416 1232 500 1270 ἐπεὶ
519 1231 548 1269 δ’
569 1231 713 1282 ἄριστα
729 1231 800 1280 μὲν
817 1231 863 1278 ἢν
881 1231 1192 1281 πεπαιδευμένος,
1211 1230 1365 1280 Ὑνώμας
1384 1230 1425 1268 δὲ
1451 1230 1646 1270 πλείστας

246 1293 489 1346 ἑρμηνεύων,
506 1293 541 1335 ἐς
557 1293 767 1346 Δρωπίδην
785 1293 815 1331 δ’
836 1292 1051 1345 ἀναφέρων,
1067 1292 1107 1334 ὃς
1125 1292 1224 1342 μετὰ
1244 1292 1407 1332 Σόλωνα
1422 1291 1645 1339 Ἀθηναίων

265 1355 597 1408 ἦρξεν.-Ρ1ιι“ἰο3ί.
628 1357 700 1394 Vit.
721 1356 877 1405 Sophist.
900 1357 929 1393 I.
953 1358 1011 1394 16.

323 1458 387 1506 (2.)
416 1457 441 1505 ἤ
459 1472 501 1495 τε
518 1456 593 1508 ’γὰρ
612 1455 776 1508 πατρῴα
795 1457 883 1505 ὑμῖν
901 1456 1014 1506 οἰκία,
1033 1457 1057 1504 ἡ
1078 1456 1240 1508 Κριτίου
1259 1458 1327 1494 τοῦ
1341 1455 1560 1506 Δρωπίδου,
1581 1455 1646 1492 καὶ

267 1518 327 1557 ὑπ’
346 1518 616 1570 Ἀνακρέοντος
643 1518 707 1556 καὶ
736 1518 810 1556 ὑπὸ
839 1517 1016 1559 Σόλωνος
1043 1517 1107 1555 καὶ
1135 1517 1270 1555 ἄλλων
1294 1520 1456 1555 πολλῶν
1475 1520 1648 1564 ποιητῶν

267 1580 605 1630 ἐΎκεκωμιασμένη
625 1580 883 1632 παραδέδοται
910 1580 1009 1629 ἡμῖν,
1029 1580 1078 1621 ὡς
1101 1579 1334 1631 διαφέρουσα
1362 1579 1501 1617 κάλλει
1521 1595 1562 1617 τε
1582 1579 1647 1617 καί

267 1644 383 1694 ἀρετῇ
403 1643 465 1682 καὶ
483 1645 531 1696 τῇ
550 1643 656 1693 ἄλλῃ
674 1642 861 1693 λεγομένῃ
881 1642 1262 1694 εὐδαιμονίᾳ.-Ρίαί.
1287 1643 1432 1679 Oltam.
1457 1644 1542 1686 157,
1563 1643 1603 1678 E.

322 1745 387 1792 (3.)
433 1742 452 1781 ὁ
489 1743 631 1795 ῥυθμὸς
678 1743 983 1795 Ἀνακρεόντειός
1029 1743 1116 1780 ἐστι
1162 1743 1418 1790 κεκλασμένος
1463 1741 1560 1793 πρὸς
1602 1741 1647 1780 τὸ

267 1804 504 1856 θρηνητικόν·
559 1805 778 1855 ἐπεδήμησε
805 1805 880 1857 Γγὰρ
910 1807 956 1856 τῇ
981 1804 1142 1855 Ἀττικῇ
1175 1806 1338 1856 Κριτίου
1367 1804 1645 1855 ἐρῶν.-86]ιοί.

266 1869 318 1905 ad
336 1869 463 1906 Aesclt.
480 1870 600 1907 Prom.
623 1870 709 1907 128.

319 1969 387 2018 (4.)
416 1970 528 2009 ἄκουε
566 1969 611 2019 δὴ
645 1969 674 2007 ὠ
707 1965 907 2022 Σώκρατες
944 1968 1063 2019 λόγου
1095 1968 1203 2018 μάλα
1229 1967 1299 2017 μὲν
1327 1967 1471 2006 ἀτόπου
1498 1970 1646 2006 παντά-

265 2034 367 2070 πασί
384 2048 429 2081 ’γε
446 2032 522 2081 μὴν
540 2032 708 2080 ἀληθοῦς
727 2033 777 2074 ὡς
797 2032 816 2071 ὁ
835 2034 911 2071 τῶν
930 2032 1030 2070 ἔτι-τα
1049 2031 1273 2082 σοφώτατος
1292 2027 1431 2070 Σόλων
1449 2029 1537 2068 ποτ’
1558 2031 1644 2080 ἔφη·

264 2092 311 2142 ἦν
341 2094 411 2144 μὲν
440 2094 506 2134 οὖν
525 2095 660 2137 οἰκεῖος
692 2097 754 2134 καὶ
787 2095 937 2148 σφόδρα
965 2094 1081 2146 φίλος
1109 2094 1198 2143 ἢμῖν
1217 2092 1426 2144 Δρωπίδου
1455 2096 1523 2132 τοῦ
1550 2109 1646 2145 προ-

263 2157 442 2201 πάππου,
463 2158 639 2210 καθάπερ
658 2159 764 2207 λένγει
781 2161 992 2209 πολλαχοῦ
1011 2157 1075 2196 καὶ
1093 2156 1206 2197 αὐτὸς
1225 2156 1264 2194 ἐν
1282 2157 1329 2205 τῇ
1348 2155 1515 2203 ποιήσει.

316 2344 390 2395 ἐγὼ
409 2346 551 2397 φράσω
571 2344 742 2384 παλαιὸν
762 2344 930 2393 ἀκηκοὼς
948 2346 1067 2394 λὸνγον
1086 2344 1129 2382 οὐ
1149 2343 1232 2381 νέου
1252 2341 1400 2394 ἀνδρός·
1418 2342 1464 2390 ἧν
1482 2342 1552 2391 μὲν
1570 2343 1646 2393 «γὰρ

264 2407 309 2455 δὴ
329 2407 416 2446 τότε
444 2408 609 2460 Κριτίας
628 2408 677 2449 ὡς
696 2407 770 2459 ἔφη
790 2407 932 2460 σχεδὸν
951 2406 1063 2456 ἐγγὺς
1088 2406 1160 2454 ἤδη
1188 2408 1263 2443 τῶν
1282 2404 1505 2452 ἐνενήκοντα
1533 2405 1641 2455 ἐτῶν,

265 2469 340 2519 ἐγὼ
359 2470 400 2508 δὲ
416 2471 595 2519 μάλιστα
614 2469 929 2517 δεκέτης-ΗΜ.
955 2470 1047 2506 Tim.
1070 2470 1129 2513 20,
1149 2469 1190 2505 E.

318 2592 394 2629 Hic
411 2592 551 2630 Critias
570 2593 773 2642 Tyrannus
788 2592 899 2642 fingit
917 2604 957 2629 se
977 2591 1185 2629 decennem
1200 2589 1370 2627 fabulam
1386 2589 1493 2626 illam
1510 2589 1556 2627 de
1573 2590 1644 2626 At-

264 2653 410 2692 lantide
429 2655 477 2692 ab
492 2667 564 2692 avo
585 2655 706 2692 Critia
721 2654 935 2692 audivisse:
963 2654 1067 2691 huno
1086 2657 1216 2690 autem
1231 2665 1316 2690 eam
1335 2652 1383 2689 ab
1402 2652 1485 2701 ipso
1506 2652 1644 2689 Solone
1679 2664 1683 2667 ⁴

264 2717 463 2765 accepisse.
521 2718 663 2755 Cribiae
682 2718 801 2766 igitur
820 2718 980 2765 majores
1000 2716 1104 2753 hune
1123 2716 1163 2752 in
1184 2715 1355 2753 ordinem
1375 2715 1610 2764 rediguntur.
