1783 2968
860 231 909 268 52

239 332 316 385 §4
347 334 598 384 Perspicuum
626 339 685 372 est
713 334 961 373 Aristotelem
989 336 1031 373 in
1060 335 1262 387 Republica
1293 336 1577 377 Atheniensium

187 396 461 435 conscribenda
497 397 821 436 commentatione
870 399 1066 448 optimatis
1104 398 1304 448 cujusdam
1351 399 1577 449 saepissime

187 472 299 496 usum
321 473 422 497 esse:
441 473 540 509 quae
560 473 619 497 res
635 465 783 498 mentes
804 461 971 499 virorum
986 461 1185 498 doctorum
1205 461 1246 499 in
1263 462 1404 499 Critiae
1419 461 1577 500 Policias

188 520 314 557 denuo
341 520 518 558 intendit.
575 521 714 570 Itaque
741 525 946 571 postquam
973 521 1178 560 Hellerus¹
1198 526 1237 560 et
1255 523 1469 561 Nissenus'
1488 535 1576 561 con-

180 582 359 632 jecerunt
406 583 566 621 Critiam
605 584 827 623 Aristotelis
871 590 1064 624 auctorem
1103 585 1231 631 fuisse,
1270 587 1310 624 F.
1351 585 1578 625 Duemmler

187 645 418 693 peculiarem
447 646 810 683 commentationem
845 647 892 684 ad
926 647 1024 684 hanc
1056 647 1277 696 opinionem
1309 647 1428 697 justis
1464 660 1576 697 argu-

188 707 330 746 mentis
363 707 635 746 stabiliendam
669 709 942 759 conscripsitz³
978 723 1076 760 quae
1109 709 1239 760 paullo
1272 710 1487 749 accuratius
1520 715 1578 748 est

187 770 454 808 examinanda.
510 772 641 820 Atque
661 771 709 808 ab
728 772 841 809 initio
860 775 1060 821 propterea
1088 772 1240 810 offendo
1259 772 1360 822 quod
1390 773 1577 810 Duemm-

187 833 299 880 lerus,
315 834 505 872 Bachium
524 838 721 884 sequutus,
731 834 881 885 judicia
901 834 946 873 de
966 834 1231 880 Themistocle,
1248 835 1400 880 Cleone‚
1417 834 1577 873 Cimone

186 910 338 947 —quae
368 902 411 935 ut
433 897 516 946 jam
545 897 803 947 cognovimus,
824 898 864 935 in
884 898 970 936 aliis
997 898 1106 936 libris
1135 898 1440 936 exstabant—ad
1468 898 1576 935 Rem-

178 959 372 1007 publicam
408 959 698 997 Atheniensium
735 960 934 997 referenda
971 972 1052 998 esse
1090 959 1307 998 existimat:
1344 972 1421 1010 qua
1452 959 1500 998 de
1537 972 1577 998 re

186 1022 382 1072 superiore
402 1022 683 1060 dissertationis
703 1027 809 1071 parte
829 1023 922 1061 satis
941 1021 1234 1073 disputavimus.

239 1086 399 1122 Summa
411 1085 765 1134 argumentationis,
777 1098 853 1134 qua
866 1085 1139 1124 Duemmlerus
1153 1085 1372 1123 Aristotelis
1384 1088 1423 1123 et
1436 1084 1578 1123 Critiae

183 1148 327 1197 scripta
345 1152 542 1185 conectere
567 1147 708 1191 studet,
728 1148 767 1184 in
799 1148 936 1186 Solone
957 1151 1139 1192 versatur,
1159 1153 1199 1186 et
1227 1148 1429 1198 praecipue
1457 1148 1497 1184 in
1521 1147 1578 1185 cis

186 1222 284 1259 quae
312 1209 359 1246 de
388 1210 483 1247 aeris
512 1209 628 1246 alieni
663 1210 884 1247 remissione
917 1209 1151 1247 traduntur.⁴
1205 1209 1362 1247 Etenim
1395 1208 1580 1259 Stagirita

186 1277 324 1316 narrat,
342 1271 492 1310 Solonis
512 1272 663 1318 amicos,
680 1272 726 1310 de
747 1272 818 1311 hoc
837 1272 999 1312 consilio
1014 1272 1193 1312 certiores
1214 1273 1346 1319 factos,
1366 1285 1476 1323 agros
1491 1285 1576 1310 aere

185 1336 311 1373 alieno
324 1334 473 1382 emisse3
488 1334 624 1373 deiude
639 1336 790 1373 Solonis
802 1337 951 1386 legibus
963 1338 1102 1374 abusos
1115 1336 1318 1386 pecuniam
1327 1336 1578 1374 creditoribus

187 1412 264 1437 non
295 1398 471 1445 solvisse3
507 1398 578 1436 hac
607 1411 653 1436 ex
684 1398 816 1437 fraude
846 1398 1003 1438 divitias
1032 1412 1162 1437 earum
1191 1399 1365 1449 gentium
1394 1398 1578 1449 originem

189 1462 356 1505 duxisse,
372 1473 470 1509 quae
491 1461 658 1498 Athenis
679 1463 988 1500 παλαιόπλυυτοι
1007 1462 1222 1511 appellatae
1242 1466 1350 1499 sunt:
1369 1461 1482 1506 idem,
1502 1461 1578 1499 cal-

189 1523 332 1562 umniis
361 1523 608 1573 optimatium
637 1523 861 1573 repudiatis,
881 1529 995 1574 negat
1026 1523 1215 1569 Solonem,
1236 1524 1361 1561 virum
1390 1523 1580 1561 honestis-

189 1587 341 1630 simum,
369 1586 416 1622 de
449 1586 575 1634 patria
603 1587 748 1635 optime
776 1586 968 1631 meritum,
998 1586 1144 1623 fraudis
1182 1586 1410 1635 participem
1449 1586 1577 1622 fuisse.

189 1648 422 1688 Plutarchus
461 1652 601 1693 autem,
631 1661 866 1698 quamquam
908 1661 986 1686 rem
1025 1649 1065 1686 in
1105 1648 1270 1686 eundem
1311 1648 1390 1687 fere
1423 1648 1579 1686 modum

188 1712 317 1756 tradit,
336 1711 430 1748 haec
454 1711 528 1748 tria
557 1711 687 1747 addit:
716 1711 873 1748 nomina
902 1711 1051 1748 Solonis
1080 1711 1213 1749 amicis
1243 1711 1401 1756 Cononi,
1422 1711 1582 1759 Cliniae,

190 1773 410 1824 Hipponico
440 1773 581 1820 fuisse;
621 1786 685 1811 eos
713 1778 869 1823 propter
898 1773 1068 1811 fraudem
1101 1771 1365 1825 χρεωκοπίδας
1394 1772 1580 1825 apellatos

187 1912 294 1950 frater,
311 1920 368 1940 nec
392 1909 471 1940 filius
495 1909 611 1940 Critiae
634 1908 737 1950 fuerit,
754 1918 790 1939 eo
805 1908 956 1947 ducimur,
974 1911 1010 1939 nt
1026 1908 1253 1939 Callaeschrum
1274 1908 1360 1939 illum
1377 1917 1581 1948 agnoscamus

190 1965 243 2006 qni
258 1964 316 1995 hoc
330 1963 397 2004 ipso
409 1965 557 2003 tempore,
573 1962 721 1993 archonte
738 1961 845 2001 Callia,
858 1962 1034 2002 praefectus
1049 1962 1160 1993 aerarii
1175 1962 1245 1995 fuit.
1292 1961 1398 2003 Atque
1414 1961 1490 1992 illud
1505 1961 1581 1992 mihi

189 2017 357 2048 maximam
369 2015 607 2047 admirationem
619 2017 800 2053 commovet,
815 2014 897 2054 quod
914 2014 1092 2054 Muenems,
1105 2015 1199 2045 verba
1215 2014 1325 2055 Lysiae
1337 2017 1445 2045 eontra¹
1459 2023 1581 2045 omnem

188 2070 324 2101 codicum
338 2068 554 2100 auctoritatem
569 2067 732 2099 emendare
745 2076 807 2098 non
820 2066 954 2108 dubitat,
968 2069 1005 2098 ut
1016 2067 1107 2099 lectio
1118 2067 1278 2106 efficiatur,
1291 2077 1371 2109 quae
1383 2066 1496 2099 rationi
1507 2076 1582 2098 suae

189 2124 302 2156 faveat.
342 2122 498 2153 Nimirum
513 2124 607 2162 putat
622 2121 747 2162 Lysiam
766 2122 902 2164 Κριτίαν
914 2121 1085 2162 scripsisse:
1101 2121 1212 2153 deinde
1226 2121 1464 2162 grammaticum
1480 2121 1582 2152 neseio

187 2186 278 2216 quem
288 2174 686 2216 Koenoec'oxeovaddidisse:
698 2177 806 2214 postea
820 2173 1106 2217 thrr'oeuexcidisse
1115 2174 1161 2205 ita
1167 2176 1202 2204 ut
1211 2174 1346 2214 primum
1355 2174 1581 2215 Καλλαῖσχρου

186 2225 298 2258 deinde
331 2224 556 2268 Κάλλαισχρον
585 2224 750 2257 exstiterit.
813 2223 932 2263 Quibus
969 2223 1099 2255 mutatis
1136 2223 1245 2265 Lysias
1282 2223 1372 2255 testis
1401 2223 1504 2255 factus
1533 2225 1582 2255 est

191 2279 320 2310 Critian}
337 2281 369 2309 et
385 2277 618 2315 Theramenem,
631 2280 667 2308 ut
683 2277 740 2308 sub
753 2280 968 2317 tyrannorum,
978 2276 1024 2308 ita
1039 2276 1097 2307 sub
1113 2276 1420 2316 Quadringentorum
1433 2276 1581 2317 regimine

187 2331 324 2363 aemulos
339 2331 447 2362 fuisse:
464 2330 516 2361 sed
532 2329 726 2370 conjecturae
741 2332 806 2361 tam
818 2329 938 2369 audaci,
952 2339 991 2360 ne
1003 2338 1065 2360 uno
1077 2329 1201 2369 quidem
1211 2331 1396 2370 argumento
1411 2338 1428 2360 e
1443 2328 1580 2360 codicum

189 2384 364 2416 conditione
390 2384 498 2425 petito,
513 2393 570 2424 ego
593 2393 664 2414 vero
687 2383 771 2414 nullo
793 2382 883 2414 modo
910 2382 1000 2414 fidem
1027 2382 1172 2414 adhibere
1197 2392 1330 2424 possum.
1386 2382 1432 2415 Cf.
1450 2381 1520 2423 Lys.
1538 2380 1581 2412 In

187 2436 347 2470 Eratostk.
365 2439 421 2474 66;
444 2437 476 2468 O.
495 2436 520 2469 I.
538 2436 575 2469 A.
596 2438 665 2475 134,
685 2438 759 2473 135;
783 2436 882 2475 Blass,
900 2435 1042 2467 Atti-solie
1066 2434 1311 2475 Beredsamlceit,
1336 2435 1362 2468 I.
1380 2437 1456 2473 257;
1480 2434 1580 2474 Droy-

187 2500 252 2530 sen,
270 2489 369 2521 Rhea.
387 2488 470 2522 Mus.
489 2489 544 2522 IV.
562 2489 673 2530 (1836)
688 2491 761 2520 529.

231 2541 238 2558 ¹
255 2543 301 2577 Cf.
331 2542 446 2582 Heller,
481 2541 601 2581 Quibus
631 2541 814 2574 auctoribus
846 2541 1030 2573 Aristoteles
1060 2541 1095 2573 ίη
1127 2540 1301 2583 Republica
1331 2539 1579 2572 Atheniensium

185 2595 410 2628 conscribenda
427 2605 502 2626 usus
516 2594 568 2635 sit,
585 2605 615 2636 p.
633 2598 684 2628 53.
847 2615 849 2618 v

229 2646 240 2662 ²
255 2648 380 2686 Nissen,
398 2646 496 2680 Eheu.
514 2646 597 2680 Mas.
615 2646 752 2680 XLVII.
774 2649 843 2685 196,
862 2651 930 2680 201.

230 2701 241 2719 ³
256 2701 444 2743 Duemmler,
461 2700 600 2739 Hermes,
617 2700 758 2734 XXVII.
777 2702 848 2734 260.

229 2756 240 2774 ⁴
256 2755 386 2787 Aristot.
408 2756 459 2787 Aa.
480 2761 548 2788 πολ.
566 2759 585 2786 6
601 2766 608 2792 ;
633 2754 714 2787 Plut.
733 2753 842 2794 ιδύἷοη,
864 2757 909 2787 15.
