1783 2968
960 214 982 254 7

332 318 399 369 (2.)
429 318 705 368 Antiquissimi
732 319 810 357 fere
836 323 927 357 sunt
946 333 1107 370 quorum
1131 319 1288 369 quidem
1314 318 1456 369 scripta
1482 322 1660 357 constent

279 387 444 424 Pericles
459 391 575 436 atque
595 387 815 425 Alcibiades
830 391 945 437 atque
962 388 1091 425 eadem
1109 392 1234 425 aetate
1249 388 1494 437 Thucydides
1540 418 1547 424 .
1596 418 1603 424 .
1652 417 1658 424 .

279 454 472 493 consecuti
503 458 593 492 sunt
621 454 690 492 hos
720 455 870 501 Critias,
890 456 1155 502 Theramenes,
1176 457 1318 506 Lysias.
1367 456 1495 493 Multa
1524 455 1661 505 Lysiae

280 523 420 571 scripta
440 526 541 567 sunt,
560 522 748 559 nonnulla
770 523 921 568 Critiae,
941 524 987 560 de
1013 524 1248 561 Theramene
1268 524 1504 561 audivimus:
1530 536 1662 560 omnes

280 590 382 627 enim
405 593 488 627 tum
520 589 739 627 retinebant
770 590 909 627 Pericli
940 603 1075 629 sucum
1105 592 1172 629 sed
1203 595 1311 629 erant
1341 592 1456 641 paulo
1487 591 1662 628 uberiore

281 657 486 695 fila—Cic.
508 658 562 694 De
583 658 683 695 Orat.
706 658 758 695 II.
781 658 876 709 Q93.

333 764 401 812 (3.)
442 763 623 811 (Λυσίας)
661 762 829 814 καθαρός
874 763 960 800 ἐστι
1005 762 1075 810 τὴν
1112 764 1311 814 ἑρμηνείαν
1346 765 1449 801 πάνυ
1485 763 1550 801 καὶ
1596 766 1664 811 τῆς

283 825 462 872 Ἀττικῆς
493 825 670 873 «γλώττης
708 824 866 877 ἄριστος
904 824 1028 864 κανὼν
1056 825 1099 863 οὐ
1127 828 1194 873 τῆς
1223 826 1388 877 ἀρχαίας
1421 824 1444 875 ᾗ
1477 825 1665 877 κέχρηται

281 887 456 925 Πλάτων
475 886 539 924 καὶ
567 887 802 935 Θουκυδίδης
829 888 937 925 ἀλλὰ
966 891 1033 935 τῆς
1061 887 1143 925 κατ’
1165 888 1305 925 ἐκεῖνον
1333 887 1398 926 τὸν
1427 886 1565 939 χρόνον
1584 888 1665 926 ε’πι-

281 948 550 1001 χωριαζούσης
568 947 619 990 ὥς
638 949 723 987 ἐστι
742 949 1008 1001 τεκμήρασθαι
1032 952 1110 990 τοῖς
1143 965 1185 987 τε
1202 948 1425 988 Ἀνδοκίδου
1443 949 1573 999 λόγοις
1601 959 1667 997 κα“ι

283 1014 361 1052 τοῖς
399 1012 562 1063 Κριτίου
599 1012 664 1050 καὶ
701 1012 840 1054 ἄλλοις
877 1013 1270 1064 σύχνοις.-Ι)ιόηῃ3.
1310 1014 1572 1050 Halicarnass.
1611 1014 1665 1050 De

284 1075 410 1122 Lysia,
431 1074 455 1125 Q
476 1075 507 1111 2.

337 1174 406 1221 (4.)
435 1175 510 1211 τῶν
529 1172 573 1221 μὶ
579 1189 599 1211 ν
618 1172 663 1221 δὴ
682 1189 781 1211 κατα
808 1172 951 1221 ταύτην
969 1173 1039 1221 τὴν
1059 1173 1214 1223 ἆΎωνγὴν
1233 1173 1508 1222 κοσμουμένων
1526 1173 1667 1212 ἐκεῖνον

285 1234 350 1273 τὸν
377 1234 497 1287 ἄνδρα
525 1236 589 1282 (sc.
622 1235 770 1281 Ῑσαῖον)
799 1236 1090 1287 διαφορώτατον
1117 1237 1369 1285 ἡγησάμενος,
1396 1235 1465 1273 οὐκ
1492 1234 1549 1273 ἔτι
1577 1236 1667 1287 περὶ

284 1300 360 1336 τῶν
380 1298 513 1337 ἀλλῶν
531 1298 683 1347 ἤξιωσα
700 1301 956 1351 μακρολογεῖν
975 1298 1039 1337 καὶ
1058 1298 1235 1337 δαπανᾶν
1254 1298 1306 1340 εἰς
1334 1298 1441 1337 οὐδὲν
1461 1298 1667 1347 ιἰνανγκαῖον

286 1361 352 1400 τόν
370 1364 523 1413 χρόνον·
553 1363 629 1400 τῶν
645 1359 684 1400 δὲ
703 1360 789 1402 τοὺς
809 1362 980 1414 ἀκριβεῖς
998 1360 1312 1414 προαιρουμένων
1329 1362 1467 1410 λό’γους
1487 1361 1551 1399 καὶ
1570 1361 1667 1413 πρὸς

286 1424 356 1472 τὴν
384 1425 586 1474 ε’ναὙώνιον
614 1423 836 1463 ἀσκούντων
862 1424 1075 1476 ῥητορικὴν,
1104 1424 1157 1463 ὧν
1184 1424 1331 1473 ἔὙενετο
1358 1424 1550 1475 Ἀντιφῶν
1577 1440 1619 1463 τε
1647 1423 1666 1463 ὀ

285 1487 537 1537 Ῥαμνούσιος
565 1487 629 1526 καὶ
657 1488 922 1540 Θρασύμαχος
941 1487 960 1526 ὁ
989 1487 1251 1536 Χαλκηδόνιος
1278 1487 1343 1526 καὶ
1370 1488 1628 1539 Πολυκράτης
1648 1487 1667 1526 ὁ

290 1550 505 1601 Ἀθηναῖος,
527 1550 689 1602 Κριτίας
717 1566 759 1588 τε
778 1549 797 1588 ὁ
817 1553 893 1589 τῶν
918 1553 1124 1602 τριάκοντα
1150 1550 1268 1602 ἄρξας
1296 1550 1360 1588 καὶ
1388 1550 1541 1591 Ζωΐλος
1560 1549 1579 1588 ὁ
1599 1550 1668 1591 τὰς

288 1613 373 1652 καθ’
401 1613 577 1665 Ὁμήρου
614 1614 814 1663 συντάξεις
853 1613 1081 1652 καταλιπὼν
1119 1613 1184 1651 καὶ
1215 1613 1333 1652 ἄλλοι
1366 1614 1532 1651 τοιοῦτοι
1570 1629 1668 1654 τινες

290 1675 424 1715 οὐδένα
456 1679 543 1715 οὔτε
575 1676 851 1728 ἀκριβέστερον
879 1675 964 1714 οὐτε
995 1675 1249 1728 χαριέστερον
1279 1674 1474 1725 ’γεγονέναι
1506 1676 1669 1714 Λυσίου.

291 1739 563 1791 Θρασύμαχος
592 1738 629 1779 δὲ
659 1740 827 1791 καθαρὸς
854 1743 923 1787 μὲν
945 1738 1003 1778 καὶ
1023 1740 1165 1784 λεπτὸς
1185 1742 1242 1778 καὶ
1264 1737 1390 1783 δεινὸς
1409 1740 1531 1790 εὑρεῖν
1551 1754 1591 1776 τε
1611 1742 1668 1777 καὶ

291 1804 405 1840 εἰπεῖν
424 1803 687 1853 στρογγυλῶς
707 1805 766 1840 καὶ
786 1805 983 1853 περιττῶς,
1005 1802 1026 1839 ὃ
1046 1801 1236 1850 βούλεται·
1265 1805 1342 1845 πᾶς
1362 1799 1392 1839 δ’
1408 1803 1509 1839 ἐστιν
1529 1803 1568 1840 ἐν
1588 1808 1670 1845 τοῖς

292 1869 621 1915 τεχνογραφικοῖς
664 1866 719 1902 καὶ
752 1862 1019 1908 ἐπιδεικτικοῖς·
1068 1862 1281 1907 δικανικοὺς
1309 1862 1347 1902 δὲ
1377 1863 1399 1908 ἢ
1429 1863 1671 1912 συμβουλευ-

294 1928 423 1970 τικοὺς
442 1927 511 1964 οὐκ
531 1926 768 1965 ἀπολέλοιπε
795 1926 952 1974 λόγους·
980 1926 1025 1963 τὰ
1046 1924 1083 1964 δὲ
1110 1925 1201 1963 αὐτὰ
1232 1929 1289 1963 καὶ
1319 1928 1402 1976 περὶ
1436 1928 1591 1976 Κριτίου
1613 1929 1671 1964 καὶ

295 1991 379 2039 περὶ
411 1989 559 2027 Ζωίλου
588 2005 645 2033 τις
675 1988 721 2027 ἂν
741 1990 855 2026 εἰπεῖν
876 1987 1175 2039 'Axon—Dionys.
1197 1987 1459 2025 Halicarnass.
1481 1988 1535 2024 De
1554 1988 1671 2037 Isaeo,

297 2049 321 2101 g
344 2051 402 2088 20.

348 2149 414 2199 (5.)
446 2152 530 2189 ἐστι
556 2149 632 2202 «γὰρ
660 2149 724 2189 καὶ
751 2149 860 2191 οὗτος
888 2148 1024 2199 σεμνὸς
1050 2149 1122 2199 μὲν
1143 2152 1435 2201 παραπλησίως
1462 2151 1518 2202 τῷ
1547 2149 1674 2189 Ἀντι-

296 2215 418 2264 φῶντι
446 2213 510 2251 καὶ
538 2212 734 2265 διηρμένος
755 2213 851 2266 πρὸς
878 2213 1001 2262 ὅνγκον,
1023 2213 1086 2251 καὶ
1114 2212 1163 2251 τὰ
1190 2212 1325 2251 πολλὰ
1352 2213 1480 2263 λε’νγων
1499 2213 1674 2264 ἀποφαν-

297 2278 420 2323 τικῶς,
442 2276 707 2329 καθαρώτερος
726 2276 765 2315 δὲ
788 2276 857 2325 τὴν
877 2277 982 2326 λέξιν
1005 2276 1069 2315 καὶ
1093 2275 1157 2314 ὅτε
1183 2277 1422 2328 περιβάλλει
1450 2276 1677 2329 διευκρινῶν,

297 2338 399 2377 ὥστε
430 2337 525 2377 εἶναι
557 2339 621 2377 καὶ
654 2338 782 2390 σαφὴς
814 2339 895 2388 ἅμα
931 2341 985 2391 τῷ
1020 2338 1171 2388 μενγέθει
1207 2339 1271 2377 καὶ
1303 2339 1487 2391 εὐκρίνης·
1528 2339 1610 2392 ἔχει
1637 2340 1677 2378 δε

298 2404 509 2453 πολλαχοῦ
536 2402 601 2440 καὶ
627 2404 805 2451 μάλιστα
831 2402 871 2441 ἐν
898 2405 976 2444 τοῖς
1003 2401 1270 2453 δημηνγορικόις
1297 2406 1513 2454 προοιμίοις
1540 2402 1605 2441 καὶ
1633 2403 1676 2442 τὸ

300 2464 483 2512 ἀληθινόν
501 2480 542 2503 τε
569 2465 633 2503 καὶ
660 2465 835 2503 πιθανόν·
868 2467 1051 2514 ἐπιμελὴς
1078 2464 1118 2503 δὲ
1138 2464 1189 2503 ὢν
1208 2465 1252 2502 οὐ
1278 2469 1452 2516 μετρίως,
1474 2465 1576 2513 ὅμως
1604 2465 1678 2517 οὐχ

299 2527 436 2567 ἁπλῶς
473 2528 617 2578 χρῆται
643 2526 701 2578 τῷ
726 2526 885 2577 τοιούτῳ
913 2527 1061 2577 κόσμῳ,
1090 2525 1177 2565 οὐδὲ
1216 2525 1316 2565 κατὰ
1343 2525 1409 2565 τόν
1436 2527 1678 2578 Ἀντιφῶντα

299 2589 526 2641 προσκόρως
545 2588 609 2627 καὶ
629 2588 738 2639 σαφὴ
758 2588 827 2638 τὴν
847 2589 1091 2637 ἐπιτήδευσιν
1111 2589 1250 2641 ἔχοντι,
1273 2590 1361 2627 ἀλλ’
1382 2590 1485 2628 ὡστε
1502 2590 1679 2642 μετέχειν

301 2650 365 2689 καὶ
384 2650 482 2690 κατὰ
502 2652 615 2690 τοῦτο
634 2653 703 2690 τοῦ
722 2651 900 2699 ἀληθοῦς·
928 2654 1006 2693 τοῖς
1026 2650 1064 2691 δὲ
1084 2651 1221 2694 ἄλλοις
1249 2654 1317 2690 τοῦ
1334 2651 1450 2700 ἤθους
1478 2651 1617 2691 εἴδεσιν
1635 2652 1679 2690 οὐ

301 2714 454 2766 σφόδρα
490 2730 528 2753 τι
562 2717 707 2767 χρῆται
743 2714 823 2754 οἷον
852 2714 1035 2767 ἐπιεικείᾳ
1064 2714 1129 2753 καὶ
1160 2715 1323 2767 ἀφελείᾳ
1349 2714 1374 2764 ἢ
1404 2715 1480 2754 ὅσα
1509 2718 1679 2754 τοιαῦτα·
