1783 2968
842 218 890 254 22

174 328 289 373 atque
309 335 395 365 cum
418 322 580 360 Prodico
600 322 667 359 illo
687 321 970 371 componitur:1
1000 321 1101 358 idem
1122 321 1162 358 in
1184 322 1392 371 Protayora
1411 321 1559 358 Alcibi-

173 386 284 423 adem
319 385 576 435 reprehendit,
609 386 712 434 quod
747 385 894 422 Socrati
928 385 1043 421 nimis
1077 385 1229 421 faveat²
1262 390 1300 421 et
1333 385 1372 420 in
1411 385 1560 421 Timaeo

174 461 295 498 aeque
324 461 368 485 ac
395 449 575 485 Timaeus
604 452 643 484 et
671 448 943 485 Hermocrates
963 459 985 483 a
1005 447 1158 484 Socrate
1177 447 1401 495 sejungitur.
1457 447 1560 484 Nus-

174 525 302 561 quam,
323 515 367 548 ut
386 511 503 548 verbo
519 511 656 555 dicam,
671 511 774 559 apud
795 510 995 548 Platonem
1012 509 1225 547 sententias
1239 522 1327 547 vere
1349 509 1560 547 Socraticas

174 574 385 623 profitetur.
443 573 549 618 Quae
579 585 667 610 cum
696 573 751 610 ita
771 573 851 610 sint
879 584 957 609 non
985 571 1067 609 sine
1082 571 1170 620 jure
1198 576 1313 621 negat
1341 571 1558 621 Xenophon

176 636 335 674 Critiam
367 634 498 673 eadem
528 635 676 673 ratione
697 648 740 673 ac
768 634 1099 684 Chaerephontem
1130 634 1297 672 Socratis
1326 634 1558 683 discipulum

176 700 319 736 fuisse.³
379 699 462 736 Nec
491 698 651 735 ambitio
680 698 758 743 illa,
787 711 809 735 a
838 697 1097 746 Xenophonte
1126 700 1270 742 notata,
1298 710 1396 746 quae
1430 701 1561 746 postea

176 769 255 800 tam
276 762 356 799 dire
377 761 530 806 exarsit,
550 774 572 798 a
592 761 753 798 Platone
773 760 1028 810 praeteritum
1058 772 1155 814 nam
1168 760 1303 805 ardori,
1325 772 1400 810 quo
1419 760 1561 809 placita

176 838 244 862 sna
265 825 303 861 in
328 824 536 861 Chao-mida
556 823 738 868 defendit,
759 836 910 861 summa
929 823 1084 860 honoris
1104 823 1244 872 cupido
1264 823 1420 860 subest.⁴

230 888 368 937 Itaque
406 891 565 936 apparet
604 886 764 924 Critiam
799 899 866 935 per
901 886 1065 935 primam
1100 886 1318 935 juventutis
1357 885 1562 923 stationem

176 952 216 987 in
238 950 377 987 intima
398 949 564 987 Socratis
580 949 842 987 familiaritate
857 951 1063 994 versatum,
1078 948 1151 986 etsi
1170 961 1371 998 nunquam
1391 949 1430 986 in
1447 948 1563 986 verba

178 1013 352 1062 magistri
376 1014 561 1061 juratum,
582 1014 665 1061 ejus
685 1012 890 1061 disciplina
919 1024 1069 1049 summa
1098 1011 1299 1061 diligentia
1318 1023 1429 1048 usum
1461 1024 1562 1049 esse:

177 1089 253 1125 quo
283 1081 454 1125 tempore
473 1087 544 1112 nec
572 1075 754 1124 magister
772 1087 843 1112 nec
862 1074 1075 1123 discipulus
1103 1074 1253 1112 tristem
1274 1074 1563 1112 consuetudinis

178 1140 293 1175 finem
315 1137 515 1187 praevidit.
559 1137 659 1174 Nam
681 1137 765 1186 ipso
786 1137 1044 1186 Xenophonte
1063 1141 1161 1174 teste
1177 1137 1283 1181 vitia,
1303 1149 1401 1185 quae
1421 1137 1563 1174 Critiae

179 1202 321 1237 samam
341 1200 655 1248 inquinaverunt,
676 1199 843 1236 Socratis
863 1199 1092 1237 auctoritate
1111 1202 1150 1236 et
1178 1199 1355 1248 exemplo
1374 1199 1564 1236 refrenata

178 1267 272 1300 tunc
304 1262 489 1311 temporis
522 1262 705 1299 latebant.
760 1262 828 1299 Eis
861 1262 1021 1299 minime
1054 1262 1242 1299 assentior
1269 1262 1411 1311 quibus
1439 1262 1565 1311 placet

180 1325 440 1363 narrationem
470 1324 576 1361 illam
607 1324 653 1361 de
683 1324 838 1362 Socrate
867 1337 889 1361 a
916 1324 1094 1373 tyrannis
1123 1324 1328 1374 prohibito,
1358 1325 1564 1374 quominus

180 1402 268 1427 curn
284 1387 596 1426 adulescentibus
612 1387 904 1437 colloqueretur,
920 1387 1192 1425 documentum
1211 1388 1401 1437 peculiare
1423 1389 1564 1427 Critiae

179 1451 387 1502 pravitatis
410 1451 612 1499 praebere.⁵
666 1451 767 1488 Nam
791 1451 943 1488 etiamsi
970 1451 1012 1487 in
1040 1451 1209 1488 Krohnii
1236 1451 1468 1488 sententiam
1489 1465 1564 1489 non

181 1513 463 1558 descendimus,
496 1513 748 1551 Duemmlero
782 1513 848 1550 vix
887 1513 1099 1551 contradici
1135 1517 1273 1563 potest,
1306 1514 1565 1559 contendenti,

180 1578 275 1614 haec
295 1576 433 1620 omnia,
455 1576 633 1625 quamvis
662 1589 684 1613 a
713 1576 972 1625 Xenophonte
1001 1577 1100 1614 serio
1129 1580 1290 1621 narrata,
1309 1589 1349 1613 re
1369 1589 1459 1614 vera
1477 1589 1566 1614 cum

181 1652 203 1676 a
223 1638 399 1688 tyrannis
428 1642 511 1675 tum
541 1650 562 1675 a
592 1638 747 1676 Socrate
775 1638 944 1675 maxima
973 1651 1020 1676 ex
1049 1641 1157 1688 parte
1185 1651 1253 1688 per
1272 1639 1434 1676 ironiam
1464 1639 1566 1677 dicta

182 1715 273 1739 esse.
330 1701 476 1746 Quodsi
506 1701 647 1738 Critias
675 1701 869 1739 Socratem
898 1701 1050 1747 odisset,
1069 1702 1177 1739 nullo
1205 1702 1318 1739 modo
1346 1702 1428 1740 fieri
1455 1708 1566 1752 potu-

182 1765 285 1809 isset,
306 1767 350 1800 ut
376 1764 440 1801 hic
461 1776 529 1813 per
548 1766 677 1800 totum
697 1768 949 1813 tyrannorum
978 1765 1147 1814 regimen
1178 1764 1382 1802 incolumis
1401 1765 1567 1803 Athenis

183 1830 417 1864 moraretur:
448 1838 586 1875 neque,
614 1826 760 1875 opinor,
786 1827 928 1863 mirum
958 1832 1024 1871 est,
1044 1827 1078 1864 si
1105 1828 1262 1876 tyranni
1290 1828 1453 1866 audaces
1481 1828 1568 1866 illos

183 1902 378 1928 sermones
411 1889 457 1926 de
493 1889 626 1937 populi
661 1889 880 1938 pastoribus
913 1901 990 1926 non
1022 1889 1306 1927 toleraverunt.⁶
1359 1890 1568 1935 Praeterea,

226 2012 235 2030 ¹
253 2009 308 2041 καὶ
335 2008 404 2049 ἐγώ,
427 2008 473 2040 Ὠ
497 2009 600 2052 μιαρέ,
629 2008 711 2049 ἔφην,
737 2010 863 2052 Κριτῖου
887 2007 975 2042 τοῦδε
999 2007 1137 2046 ἀκήκοας
1162 2010 1243 2042 αὐτό
1262 2007 1281 2047 ἢ
1304 2011 1405 2042 ἄλλον
1428 2025 1485 2044 του
1507 2013 1571 2045 τῶν

183 2064 289 2102 unwina.
339 2061 468 2094 Oliar‘m.
493 2064 551 2096 161
577 2062 613 2094 Β.
662 2066 755 2095 Δοκεῖ
776 2063 840 2107 ’γάρ
861 2076 916 2104 μοι
940 2064 1058 2097 παντός
1080 2068 1208 2104 μᾶλλον
1230 2064 1340 2101 ἀληθὲς
1362 2063 1448 2106 εἶναι,
1472 2065 1489 2097 ὅ
1512 2067 1570 2104 ἐγὼ

184 2118 351 2157 ὑπέλαβον,
369 2118 426 2150 τοῦ
450 2118 576 2160 Κριτίου
592 2117 757 2152 α’κηκοένοιι
772 2117 826 2150 τόν
851 2116 1013 2160 Χαρμίδην
1033 2116 1156 2153 ταύτην
1178 2117 1236 2154 τὴν
1252 2119 1411 2161 ἀπόκρισιν
1430 2119 1492 2162 περὶ
1510 2124 1566 2157 τῆς

183 2169 375 2213 σωφροσύνης.
421 2168 506 2200 Ibid.
525 2171 585 2201 162
603 2169 635 2201 Ο.

226 2222 237 2238 ²
252 2223 348 2255 Μετοὶ
363 2221 393 2254 δὲ
407 2222 461 2255 τόν
476 2214 744 2262 Ἀλκιβιίιδηνςὼς
766 2222 897 2263 ἐγῷμαι,
918 2225 1051 2267 Κριτίας
1074 2223 1108 2261 ἦν
1124 2225 1140 2255 ο’
1154 2223 1251 2256 εἰπών.
1293 2223 1339 2255 Ὠ
1364 2223 1493 2266 Ile-'But
1515 2224 1570 2256 καὶ

181 2275 313 2314 'lxm-loz,
340 2276 492 2311 Κοιλλῖοις
513 2275 570 2316 μὲν
593 2274 673 2307 δοκεῖ
691 2288 745 2316 μοι
766 2275 865 2316 μάλα
890 2277 961 2320 προ,-
990 2279 1201 2320 Πρωτοιγόρον
1224 2276 1309 2318 εἶναι,
1336 2276 1528 2316 Αλκιβιάδης
1549 2277 1572 2309 δ’

183 2330 231 2361 ἀεὶ
261 2329 412 2367 φιλόνικός
444 2329 508 2361 ἐστι
537 2329 608 2371 πρὸς
636 2328 652 2360 ὅ
677 2330 716 2360 ἂν
744 2328 871 2373 ὁρμήσῃ·
905 2331 988 2371 ἡμοὶς
1020 2329 1048 2362 δέ
1076 2329 1154 2363 οὐδὲν
1181 2329 1224 2362 δεῖ
1249 2334 1477 2371 συμφιλονικεῐν
1503 2333 1572 2364 οὔτε

185 2382 340 2426 Σωκράτει
356 2383 426 2415 οὔτε
443 2383 645 2425 Πρωταγόρᾳ
661 2396 688 2414 n.
706 2397 736 2415 τ.
754 2390 783 2414 λ.
797 2383 927 2425 Protaq.
946 2386 1008 2417 336
1024 2384 1063 2415 D.
1081 2384 1117 2416 E.

227 2435 238 2451 ³
253 2435 333 2466 Xen.
351 2433 446 2466 Mem.
463 2434 520 2466 loc.
537 2434 591 2465 cit.
892 2435 905 2453 ⁴¹
923 2434 1048 2467 Clzarm.
1068 2438 1129 2468 169
1145 2436 1178 2469 C.

228 2480 240 2498 ⁵
252 2477 331 2508 Xen.
349 2476 445 2508 Mem.
464 2477 490 2508 I.
507 2479 537 2517 2,
566 2476 594 2518 'g
611 2479 726 2509 31-38.
774 2477 819 2509 Cf.
838 2478 959 2518 Krohn,
975 2478 1124 2510 Sokrates
1139 2479 1210 2510 und
1231 2479 1418 2521 Xenophon,
1435 2482 1473 2512 91
1490 2490 1572 2521 sqq.;

187 2520 376 2559 Duemmler,
393 2518 555 2551 Alcademi
575 2531 604 2560 α,
623 2521 671 2552 70.

227 2576 239 2593 ⁶
256 2572 320 2604 εἷπε
337 2585 395 2604 που
418 2573 432 2604 ὁ
455 2573 619 2616 Σωκράτης
642 2573 691 2606 ὅτι
716 2575 899 2614 θαυμαστόν
924 2578 951 2607 οἱ
974 2574 1071 2611 δοκοίη
1096 2574 1171 2608 εἶναι
1198 2576 1223 2607 εἴ
1245 2590 1294 2613 τις
1318 2578 1474 2615 γενόμενος
1496 2578 1573 2614 βοῖιν

185 2628 300 2665 ἀγέλης
320 2625 423 2666 νομεὺς
440 2626 494 2657 καὶ
512 2639 574 2662 τοις
596 2629 667 2663 βοῦς
682 2627 839 2664 ἐλάττους
853 2641 889 2660 τε
905 2628 959 2660 καὶ
978 2628 1093 2671 χείρους
1116 2630 1208 2661 ποιῶν
1222 2629 1269 2670 μὴ
1291 2631 1455 2670 ὁμολογόιη
1478 2632 1575 2667 κακός

185 2682 332 2718 βουκόλος
357 2678 444 2711 εἶναι·
477 2679 522 2713 ἔτι
547 2678 576 2711 δε
602 2681 854 2724 θαυμαστότερον
879 2683 908 2714 εἷ’
926 2695 974 2719 τις
1000 2682 1178 2725 προστάτης
1201 2684 1356 2724 γενόμενος
1382 2685 1494 2721 πόλεως
1517 2683 1573 2715 καὶ

188 2736 285 2766 maza
309 2734 381 2770 τοὺς
407 2735 543 2767 πολίτας
573 2734 727 2772 ἐλάττους
751 2735 806 2767 καὶ
831 2736 946 2779 χείρους
966 2736 1037 2777 μηδ’
1061 2736 1243 2777 αἰσχύνεται
1266 2736 1336 2778 μηδ’
1360 2738 1457 2770 ’.ἵεται
1480 2739 1576 2774 κοικός

188 2786 265 2820 εἶναι
284 2786 462 2830 προστάτης
478 2791 535 2824 τῆς
551 2788 672 2825 πόλεως.
717 2788 797 2820 Xen.
814 2788 869 2823 loc.
886 2791 939 2823 cit.
