1783 2968
891 236 942 274 45

223 347 263 382 et
291 343 416 381 varias
446 343 685 390 conjecturas
716 341 959 390 protulerint,
987 341 1034 379 de
1064 353 1109 378 ea
1138 354 1177 378 re
1205 340 1335 390 paullo
1363 341 1518 378 uberius
1548 345 1606 378 est

222 403 497 443 disserendum.

274 466 299 518 ξ
320 468 351 504 2.
382 465 480 503 Inde
505 466 554 503 ab
573 465 686 503 initio
715 465 831 515 hujus
850 465 992 503 saeculi
1021 465 1299 503 dubitaverunt
1317 465 1390 503 viri
1410 465 1534 503 critici
1557 479 1606 502 an

224 529 439 577 Xenophon
467 528 829 566 commentat-ionem
849 528 896 565 de
916 528 1128 577 Republica
1147 528 1446 565 Atheniensium
1466 527 1505 564 in
1527 540 1605 564 cor-

222 603 312 640 pore
360 590 443 639 ejus
480 590 710 640 scriptorum
753 595 945 628 servatam
981 604 1021 628 re
1058 603 1148 628 vera
1195 590 1398 640 scripserit.
1469 590 1606 639 Itaque

223 653 324 690 Guil.
345 653 613 698 Wachsmuth,
634 653 859 691 Schneideri
878 653 1052 703 vestigiis
1072 653 1277 703 ingressus,
1297 654 1400 690 hunc
1428 652 1604 690 libellum

222 728 296 753 una
319 719 407 753 cum
433 728 615 765 germano
644 716 721 760 illo,
741 716 788 754 de
816 716 1029 766 Republica
1057 716 1454 761 Lacedaemoniorum,
1475 716 1604 753 Xeno-

221 778 358 827 phonti
386 779 622 827 abjudicavit
650 785 688 817 et
717 779 859 818 Critiae
887 780 1113 829 adsoripsit.¹
1168 779 1321 817 Nostris
1349 784 1477 817 tamen
1507 783 1603 816 tem-

223 840 377 889 poribus
393 841 584 891 plerisque
604 842 729 891 placet
745 842 1027 894 Rempublicam
1046 842 1423 880 Lacedaemoniorum
1437 855 1459 878 a
1474 842 1605 879 Xeno-

221 902 365 951 phonte
403 916 484 941 esse
521 905 784 954 compositam:
833 910 948 954 atque
985 906 1199 954 fragmenta
1236 918 1333 954 quae
1370 905 1416 941 de
1459 904 1603 942 Critiae

224 963 426 1012 Republica
446 965 818 1006 Lacedaemoniorum
838 972 1044 1018 supersunt
1070 974 1201 1018 aperte
1220 968 1497 1012 demonstrant,
1513 980 1601 1005 eum

220 1033 417 1066 auctorem
429 1030 698 1080 Xenophontis
710 1031 833 1069 libelli
846 1045 920 1069 non
934 1032 1060 1070 fuisse.
1097 1032 1249 1069 Primus
1262 1031 1477 1069 Roscherus
1486 1030 1602 1080 justis

220 1092 385 1129 confecit
392 1094 625 1142 argumentis
638 1094 936 1143 Xenophontem
944 1094 1226 1146 Rempnblicam
1233 1094 1514 1132 Atheniensium
1524 1106 1600 1130 non

219 1155 488 1204 conscripsisse
499 1158 525 1193 :²
544 1169 659 1205 quem
671 1162 857 1206 sequutus
871 1157 1096 1202 Boeekhius,
1108 1158 1285 1206 quamvis
1298 1157 1420 1206 prima
1432 1157 1600 1194 editione

220 1217 448 1264 opusculum
462 1219 713 1267 Xenophonti
728 1219 947 1267 abjudicare
964 1232 1040 1255 non
1056 1232 1181 1263 ausus,
1193 1232 1233 1256 re
1248 1220 1387 1256 iterum
1403 1231 1600 1267 perpensa,

219 1277 292 1315 sibi
301 1280 500 1327 persuasit,
508 1292 583 1317 non
596 1281 807 1319 sententias
823 1281 933 1319 modo
946 1281 1012 1319 sed
1024 1282 1141 1319 etiam
1149 1281 1283 1319 stilum
1295 1294 1317 1318 a
1329 1281 1598 1330 Xenophontis

218 1341 374 1390 ingenio
389 1343 589 1381 abhorrere
603 1346 635 1381 :³
654 1344 716 1381 cui
727 1344 874 1393 judicio
891 1357 1022 1382 omnes
1042 1344 1153 1382 hodie
1169 1345 1439 1381 assentiuntur.
1495 1344 1597 1381 Nam

219 1402 303 1441 luce
324 1404 462 1443 clarius
482 1410 549 1451 est,
569 1410 840 1456 argumentum
860 1411 984 1444 totum
1005 1420 1081 1444 non
1101 1407 1370 1456 Xenophontis
1389 1406 1516 1452 aetati,
1531 1407 1597 1444 sed

217 1468 381 1516 tempori
400 1481 476 1517 quo
490 1469 790 1507 Atheniensium
807 1473 976 1518 potestas
991 1470 1138 1520 integra
1158 1469 1433 1507 fuit—scilicet
1451 1470 1597 1519 primae

217 1529 376 1566 stationi
396 1530 488 1567 belli
507 1531 1091 1580 Peloponnesiaci—convenire.

270 1591 487 1630 Boeckhius
515 1596 644 1630 autem
670 1594 872 1643 negatione
902 1607 979 1631 non
1007 1598 1221 1639 contentus,
1242 1606 1375 1631 verum
1403 1598 1595 1631 auctorem

217 1666 397 1701 quaerere
446 1656 626 1703 perrexit,
659 1661 775 1705 atque
818 1657 1031 1694 rectissime
1068 1657 1205 1694 statuit
1241 1669 1328 1694 eum
1371 1657 1596 1704 optimatem

217 1713 408 1761 quendam
445 1715 586 1752 summi
622 1715 768 1765 ingenii
806 1716 945 1753 fuisse:
985 1716 1129 1753 minore
1165 1722 1294 1753 tamen
1329 1715 1597 1764 probabilitate

216 1774 374 1820 addidit,
403 1775 579 1814 libellum
609 1777 753 1815 Critiae
785 1777 950 1828 ingenio,
979 1791 1069 1827 prae
1101 1782 1312 1815 ceterorum
1346 1778 1598 1827 respondere!

216 1837 325 1874 Haec
345 1838 449 1875 enim
468 1839 673 1888 descriptio
693 1852 770 1876 non
791 1840 912 1889 magis
933 1840 1086 1884 Critiae,
1105 1852 1221 1889 quam
1241 1840 1417 1889 optimati
1437 1840 1597 1877 cuilibet

216 1900 405 1938 convenit.
467 1900 620 1938 Etenim
651 1901 734 1939 fieri
762 1907 889 1950 potest
917 1906 960 1939 ut
988 1902 1383 1951 Pseudo-Xenophon,
1404 1902 1596 1951 popularis

216 1962 385 2000 civitatis
404 1969 610 2012 pertaesus,
626 1964 674 2000 ad
693 1965 970 2013 rempublicam
990 1966 1147 2002 omnino
1167 1978 1242 2002 non
1263 1964 1470 2009 accesserit,
1483 1965 1536 2001 ita
1552 1970 1596 2001 ut

216 2037 263 2062 ne
290 2038 427 2062 nomen
457 2026 613 2076 quidem
641 2026 681 2063 in
709 2027 818 2065 fastis
846 2027 896 2065 sit
924 2033 1126 2065 servatum.
1183 2028 1379 2065 Praeterea
1410 2027 1596 2076 Bergkius

215 2088 424 2126 rectissime
454 2090 612 2133 monuit,
633 2090 809 2128 libellum
829 2091 971 2128 Critiae
987 2091 1192 2140 juventute
1220 2104 1300 2128 esse
1326 2090 1595 2140 conscriptum,

216 2151 679 2202 Pseudo-Xenophontem
697 2160 829 2192 contra
844 2154 978 2204 longae
994 2155 1095 2192 vitae
1110 2153 1343 2204 experientia
1359 2158 1594 2191 maturatum

256 2277 262 2293 ¹
280 2278 358 2312 Guil.
378 2279 589 2320 Wachsmuth,
607 2279 806 2312 Helleniscke
829 2280 1165 2321 Altkertlmmslcande‚
1191 2280 1215 2314 Ι.
1234 2281 1302 2313 798.
1350 2279 1394 2311 Cf.
1419 2279 1499 2311 Xeu.
1516 2279 1592 2320 (Ed.

213 2331 401 2374 Schneider),
419 2333 473 2366 VI.
492 2338 541 2366 88.

256 2384 267 2402 ²
282 2385 427 2426 Roscher,
444 2385 554 2426 Leben,
583 2385 692 2426 ll'erke,
709 2386 866 2418 Zez'ttclter
881 2386 933 2418 des
953 2386 1160 2429 Thucydides,
1178 2389 1247 2419 526.

253 2440 264 2456 ⁸
280 2439 412 2478 Boeckh,
430 2438 767 2482 Staatslzauslcaltunffi
784 2440 858 2481 (Ed.
875 2440 956 2481 ΙΙΙ.)
972 2441 997 2474 Ι.
1015 2443 1085 2475 389.

196 2493 199 2496 ’
256 2493 267 2510 ⁴
282 2492 334 2523 Sie
356 2493 397 2524 ist
412 2493 467 2524 das
482 2493 578 2525 Werk
593 2494 676 2525 eines
692 2493 892 2525 athenischen
906 2494 1087 2534 Oligarchen
1101 2504 1158 2525 von
1170 2503 1288 2534 grosser
1303 2493 1447 2533 Bilduug,
1465 2493 1591 2533 Thuky—

210 2544 382 2577 dide‘ischer
398 2545 607 2586 Objektivit'alt
621 2546 675 2577 der
690 2546 871 2586 politischen
887 2546 1109 2586 Betrachtung,
1122 2545 1419 2586 durchdringendem
1435 2545 1592 2576 Verstand

211 2597 275 2628 und
297 2597 410 2629 feinem
434 2598 564 2638 Humor,
579 2598 654 2630 aber
673 2599 753 2630 ohne
776 2598 924 2639 Gemiith‚
941 2598 1068 2630 welches
1083 2598 1142 2630 den
1159 2598 1287 2629 meisten
1303 2597 1486 2638 Oligarchen
1502 2598 1589 2638 fehlt,

211 2648 344 2680 Keinem
366 2650 485 2681 scheint
500 2650 543 2681 sie
564 2650 622 2680 mir
643 2659 878 2690 angemessener
898 2659 935 2681 zu
956 2650 1029 2690 sein,
1045 2650 1091 2680 als
1106 2649 1175 2681 dem
1197 2649 1317 2680 Kritias
1332 2649 1401 2680 dem
1419 2648 1522 2680 Sohne
1538 2649 1591 2680 des

210 2701 419 2740 Kallaschros.
436 2703 544 2734 dessen
570 2703 742 2744 prosaische
773 2702 906 2735 Politien
934 2703 1046 2735 ebenso
1075 2703 1301 2735 unzweifelhaft
1332 2702 1401 2733 sind
1425 2703 1480 2733 wie
1508 2703 1591 2734 seine

209 2753 440 2788 dichterischeu.
487 2755 606 2797 Boekh‚
623 2755 680 2788 loc.
697 2755 749 2787 cit.
