1783 2968
854 220 902 258 53

188 337 294 372 esse3
322 323 497 362 Solonem
526 337 565 363 se
592 324 763 363 criminis
782 325 964 364 facillime
987 325 1206 370 absolvisse,
1226 325 1369 376 quippe
1389 326 1455 376 qui
1484 326 1564 376 ipse

188 400 255 437 per
282 387 385 437 leges
412 399 500 425 suas
518 388 688 438 quinque
707 388 769 426 vel
796 389 1016 439 quindecim
1045 389 1190 427 talenta
1218 389 1398 427 amiserit.
1456 390 1563 427 Plut-

187 450 324 487 archus
353 450 468 498 igitur
494 455 533 486 et
561 450 788 488 Aristoteles
817 452 909 488 adeo
935 452 1192 496 consentiunt,
1218 455 1262 489 ut
1293 452 1564 489 Duemmlerus

187 512 281 550 satis
309 511 567 549 verisimiliter
594 512 748 561 colligat
778 513 1028 551 Plutarchum
1057 526 1077 551 e
1097 514 1268 551 fontibus
1298 513 1565 563 Peripateticis

187 574 368 613 hausisse.
424 573 483 612 Ea
519 578 646 614 tamen
688 576 816 613 minus
848 580 951 614 certa
983 580 1082 622 sunt,
1116 589 1213 627 quae
1251 575 1353 614 idem
1388 576 1448 614 vir
1479 576 1564 614 doe-

186 636 358 674 tissimus
377 637 423 674 de
443 637 639 674 Plutarchi
659 638 929 675 additamentis
948 639 1108 676 disserit.

239 700 392 737 Etenim
413 703 525 750 putat
549 700 796 738 Aristotelem
816 701 862 738 de
881 701 1052 752 quinque
1080 700 1157 740 illis
1185 701 1343 740 talentis
1365 704 1566 752 propterea

186 763 307 808 silere,
326 763 428 812 quod
456 776 477 800 a
505 764 750 812 scriptoribus
778 764 1026 814 popularibus
1055 765 1103 802 ad
1130 765 1375 814 optimatium
1404 765 1566 803 crimina

185 825 394 863 refellenda
430 826 517 863 ficta
553 826 652 864 sint:
692 826 828 864 deinde
865 839 912 864 ex
949 827 1170 865 nominibus
1208 828 1374 866 Cononis
1413 827 1564 865 Cliniae

186 887 397 938 Hipponici
435 888 630 926 concludit
674 888 772 926 hanc
810 892 957 938 partem
1002 890 1172 927 criminis
1209 893 1333 927 aetate
1371 890 1565 928 exstitisse

187 961 263 1000 quo
300 950 435 988 horum
473 951 827 1001 nepotes—Conon,
863 951 1093 997 Alcibiades,
1132 952 1561 990 Callias—floruerunt:

186 1013 318 1051 eodem
346 1014 501 1051 tendere
529 1026 737 1063 cognomen
768 1013 1036 1065 Χρεωκοπίδαι,
1061 1015 1164 1064 quod
1192 1015 1241 1052 ad
1269 1015 1563 1053 similitudinem

185 1075 291 1114 illius
310 1075 578 1128 Ἑρμοκοπίὸαι
599 1077 802 1114 formatum
823 1089 904 1114 esse
924 1077 1108 1114 videatur.
1164 1077 1270 1123 Quae
1296 1090 1384 1115 cum
1409 1078 1465 1115 ita
1483 1078 1562 1115 sint

188 1139 460 1176 Duemmlerus
487 1139 685 1176 contendit
720 1139 813 1177 haec
851 1139 924 1176 tria
956 1139 1126 1177 criminis
1156 1140 1346 1177 elementa
1377 1140 1562 1190 originem

186 1201 341 1238 duxisse
378 1213 399 1237 a
436 1200 566 1238 libello
603 1201 705 1250 quod
742 1200 879 1238 ultima.
916 1201 1080 1238 statione
1119 1200 1211 1238 belli
1249 1201 1563 1251 Peloponnesiiac

185 1264 329 1314 publici
344 1264 442 1314 juris
458 1263 603 1302 factum
622 1263 680 1302 sit.
737 1264 922 1301 Attamen
942 1276 1028 1302 eum
1049 1264 1090 1301 in
1110 1277 1153 1302 eo
1169 1263 1353 1302 erravisse
1373 1263 1568 1309 existimo,

185 1328 287 1377 quod
315 1330 428 1376 putat
459 1327 562 1364 hunc
595 1327 771 1364 libellum
799 1326 1020 1364 Aristotelis
1049 1328 1258 1364 narrationi
1286 1328 1464 1365 subesse:
1496 1329 1565 1377 qui
1627 1323 1640 1328 ⁹

183 1403 271 1428 cum
305 1390 351 1428 de
384 1395 402 1409 “
420 1389 711 1441 Chreocopidis”
743 1389 855 1428 sileat
891 1390 1080 1428 incertum
1113 1393 1171 1428 est
1203 1394 1334 1428 utrum
1367 1390 1564 1428 Plutarchi

183 1453 289 1490 fonte
317 1465 409 1490 usus
436 1453 535 1490 hanc
556 1453 697 1489 famam
717 1453 764 1489 de
784 1452 945 1490 consilio
973 1453 1155 1498 omiserit,
1174 1465 1223 1490 an
1252 1453 1327 1490 alio
1355 1465 1402 1490 ex
1430 1453 1562 1491 libello

185 1515 363 1553 hauserit.

237 1577 509 1615 Duemmlerus
537 1579 675 1622 autem,
695 1589 783 1614 cum
812 1588 1038 1626 persuasum
1065 1577 1215 1622 habeat,
1235 1578 1363 1614 omnia
1392 1588 1489 1627 quae
1517 1579 1563 1615 de

184 1639 321 1678 Solone
364 1643 566 1678 narrantur
602 1640 650 1677 ab
686 1640 820 1678 eodem
858 1640 963 1678 fonte
1008 1652 1172 1685 manare,
1212 1652 1392 1690 quaerere
1430 1640 1564 1691 pergit,

184 1702 270 1752 quis
323 1702 520 1740 Plutarchi
566 1706 699 1739 auctor
744 1702 884 1748 fuerit3
938 1715 1061 1752 neque
1107 1702 1353 1740 difficultates
1399 1703 1559 1752 ignorat,

183 1777 281 1816 quae
333 1764 520 1814 ejusmodi
571 1765 909 1814 investigationem
963 1765 1187 1815 impediunt.
1262 1765 1363 1802 Nam
1414 1765 1556 1803 Critiae

184 1834 365 1877 tempore,
403 1831 446 1865 ut
489 1828 570 1877 ipse
609 1828 825 1872 confitetur,
863 1828 986 1865 libelli
1029 1828 1177 1877 politici
1223 1828 1439 1877 argumenti
1481 1832 1559 1865 tam

184 1891 403 1941 frequentes
460 1890 575 1936 fuere,
626 1894 671 1927 ut
727 1890 951 1940 perdifficile
1003 1891 1054 1928 sit
1110 1889 1348 1940 singulorum
1401 1890 1560 1940 vestigia

184 1954 441 2003 distinguere.¹
513 1953 649 2003 Sperat
685 1957 816 1991 tamen
852 1965 922 1991 nos
955 1954 1001 1991 de
1040 1954 1111 1992 hac
1159 1953 1261 1990 fama
1304 1965 1379 1990 non
1419 1953 1559 1991 frustra

183 2016 479 2066 investigaturos
507 2028 611 2054 esse:
642 2028 783 2066 paucos
812 2016 914 2053 enim
943 2016 1109 2053 Athenis
1137 2027 1248 2053 ausos
1275 2027 1356 2053 esse
1385 2015 1563 2053 Solonem

183 2079 417 2118 calumniari.
445 2079 585 2118 Statim
599 2092 620 2117 a
631 2079 821 2130 principio
828 2079 1028 2117 contendit
1040 2082 1232 2117 auctorem
1244 2081 1351 2116 extra
1358 2078 1562 2117 factionem

183 2141 557 2190 Quadringentorum
573 2142 833 2191 quaerendum
846 2153 938 2185 esse,
951 2146 1057 2179 ratus
1082 2142 1176 2178 haec
1187 2141 1347 2178 erimina
1361 2146 1559 2189 propterea

181 2217 204 2242 a
236 2203 536 2254 Quadringentis
568 2204 694 2242 aliena
725 2216 817 2248 esse,
850 2203 952 2254 quod
989 2203 1195 2248 decretum,
1227 2215 1248 2241 a
1280 2215 1356 2253 quo
1387 2202 1559 2253 potentia

181 2279 313 2306 eorum
332 2270 463 2305 exorta
478 2270 545 2313 est,
562 2267 712 2305 Solonis
731 2267 912 2305 instituta
926 2267 1075 2305 civibus
1089 2263 1326 2305 restituenda
1340 2266 1561 2316 proposuit.²

177 2330 283 2376 Quae
315 2340 385 2375 res,
419 2341 502 2368 mea
534 2330 737 2375 sententia,
768 2329 927 2368 minoris
964 2333 1023 2367 est
1058 2328 1252 2366 momenti.
1317 2328 1412 2374 Quis
1450 2329 1556 2366 enim

180 2393 440 2432 demonstrare
465 2395 592 2443 potest
612 2393 921 2443 Quadringentos
939 2391 989 2430 ad
1015 2403 1136 2430 unum
1165 2390 1315 2429 Solonis
1342 2389 1558 2430 laudatores

180 2456 327 2495 fuisse?
381 2456 455 2494 Sed
484 2459 530 2494 ut
559 2455 854 2494 Duemmlerum
883 2466 1098 2504 sequamur,
1128 2466 1150 2490 a
1179 2452 1480 2503 Quadringentis
1510 2454 1560 2491 ad

179 2519 337 2570 triginta
368 2518 471 2558 viros
507 2518 658 2564 transit,
686 2518 926 2568 affirmatque
957 2520 1163 2562 auctorem,
1189 2516 1374 2566 quoniam
1405 2528 1506 2554 unus
1540 2529 1560 2555 e

179 2582 356 2632 tyrannis
383 2582 508 2628 fuerit,
527 2581 669 2620 idcirco
689 2581 849 2620 Critiam
878 2580 996 2619 fuisse
1013 2594 1021 2618 ε
1048 2579 1115 2618 sed
1133 2580 1393 2617 demonstrare
1412 2579 1560 2618 omittit

288 2738 298 2757 ¹
313 2739 359 2774 Of.
376 2739 589 2781 Wilamowitz,
605 2749 652 2781 op.
670 2738 721 2771 cit.
739 2738 766 2770 Ι.
784 2739 853 2772 169.
1027 2740 1040 2760 ²
1051 2735 1099 2771 cf.
1114 2733 1246 2770 Aristot.
1264 2736 1318 2768 AO.
1335 2741 1406 2771 πολ.
1423 2737 1473 2770 29.
