1783 2968
834 213 884 252 43

175 325 318 377 singuli
345 322 468 362 libelli
497 321 543 360 de
571 320 954 359 Lacedaemoniorum
976 321 1014 356 et
1042 316 1309 355 Thessalorum
1339 314 1553 364 Republica

174 391 222 427 ab
242 388 443 425 Athenaeo
462 385 841 421 commemorantur:¹
867 382 1080 430 fragmenta
1099 380 1175 416 huc
1194 377 1431 427 pertinentia
1451 376 1553 425 apud

175 449 439 492 Plutarchum,
461 446 699 484 Clementem
728 443 1047 487 Alexandrinum,
1066 442 1283 485 Libanium,
1303 439 1552 476 Eustathiuni

174 516 324 551 servata
359 512 474 548 sunt.²
529 509 684 546 Praeter
718 507 904 544 vocabula
938 507 1129 554 disjuncta
1162 505 1334 554 quinque
1367 503 1554 538 habemus

175 576 399 624 fragmenta,
412 584 574 621 quorum
590 571 757 620 primum
773 569 818 607 de
833 569 979 618 nuptiis
995 573 1032 605 et
1046 568 1222 617 genitura
1237 567 1326 616 agit,
1339 564 1481 603 secund
1489 577 1552 600 nm

175 635 475 684 temperantiam
505 634 734 682 Spartanam
762 632 936 674 celebrat,
956 631 1112 667 tertium
1134 634 1172 667 et
1200 633 1378 678 quartum
1410 627 1554 664 habilia

177 695 559 735 Lacedaemoniorum
577 694 806 731 vestimenta
820 697 858 730 et
871 692 1053 730 utensilia
1066 692 1237 735 laudant,
1253 691 1432 740 quintum
1450 702 1553 727 serv-

179 772 286 797 orum
307 757 567 796 conditionem
587 756 712 806 qualis
733 756 890 805 Spartae
910 755 1027 792 fuerit
1046 754 1246 792 describit:
1275 753 1408 791 eodem
1428 752 1555 790 tendit

177 822 436 870 fragmentum
445 819 546 868 quod
560 831 682 856 unum
695 818 741 855 de
754 817 966 867 Republica
978 816 1244 854 Thessalorum
1259 820 1449 865 superest3
1463 828 1553 852 nam

177 884 231 921 ibi
251 883 368 920 luxus
388 882 606 931 castigatur,
626 881 692 931 qui
712 885 805 918 tunc
824 879 1006 929 temporis
1025 879 1128 928 apud
1154 879 1354 916 Thessalos
1373 878 1551 916 obtinuit.

232 946 382 991 Quibus
410 957 458 981 ex
485 944 658 993 reliquiis
691 944 858 991 integros
893 942 1034 979 Critiae
1066 942 1217 978 libellos
1246 941 1448 978 restituere
1477 954 1553 978 non

179 1008 294 1046 licet:
322 1007 394 1045 hoc
422 1010 555 1044 tamen
575 1006 822 1056 perspicuum
843 1009 901 1042 est
928 1017 991 1042 eos
1019 1005 1166 1042 notioni
1195 1005 1353 1042 minime
1373 1005 1555 1053 respond-

177 1071 252 1107 isse
267 1082 394 1119 quam,
409 1068 630 1106 Aristotelis
648 1067 758 1105 libris
774 1068 867 1112 nixi,
882 1079 969 1104 cum
988 1066 1103 1104 titulo
1122 1066 1305 1105 πολιτεῖαι
1324 1068 1554 1116 conjungere

179 1132 392 1169 solemusz³
419 1143 545 1180 neque
576 1129 824 1167 Duemmlero
852 1129 1047 1174 assentior,
1076 1129 1138 1166 cui
1167 1129 1292 1178 placet
1324 1130 1483 1167 Critiam
1513 1131 1553 1167 in

180 1195 333 1233 Polz'tz'z's
361 1193 572 1232 scribendis
602 1192 713 1242 quasi
741 1192 977 1230 causidicum
1004 1192 1182 1229 factionis
1202 1192 1347 1230 fuisse.4
1401 1194 1555 1230 Etenim

181 1257 272 1294 illae
304 1256 582 1306 temperantiae
614 1255 747 1293 laudes
781 1255 948 1292 Socratis
981 1255 1195 1292 doctrinam
1228 1255 1410 1300 redolent,
1439 1257 1557 1305 prim-

181 1333 325 1369 umque
342 1320 601 1369 fragmentum
617 1318 786 1356 ostendit
802 1318 963 1356 Critiam
980 1331 1055 1355 non
1071 1318 1182 1355 modo
1198 1318 1367 1367 singulas
1382 1319 1558 1356 civitates

181 1382 429 1431 descripsisse
448 1382 516 1419 sed
535 1382 650 1419 etiam
672 1381 883 1418 sententias
903 1393 991 1417 suas
1010 1380 1056 1417 de
1072 1381 1360 1429 quaestionibus
1380 1381 1558 1419 civilibus

181 1444 396 1493 protulisse,
411 1444 466 1481 ita
486 1448 530 1481 ut
549 1444 652 1481 haud
670 1443 922 1492 improbabile
937 1442 1114 1479 videatur
1129 1443 1322 1480 cardinem
1343 1445 1559 1493 argumenti

181 1506 222 1542 in
260 1506 331 1544 hac
364 1507 588 1556 quaestione
615 1510 812 1543 versatum
849 1517 940 1550 esse,
969 1518 1136 1554 quanam
1173 1505 1406 1555 reipublicae
1439 1506 1559 1544 forma

183 1569 286 1607 cives
320 1570 421 1614 boni,
455 1582 542 1607 cum
575 1581 729 1618 corpore
766 1572 852 1605 tum
885 1572 1014 1606 mente
1047 1572 1294 1618 praestantes,
1328 1570 1559 1606 erudiantur.

182 1631 241 1667 Ex
280 1631 507 1680 fragmentis
544 1635 674 1668 autem
714 1631 961 1680 perspicuum
1000 1635 1058 1668 est
1098 1631 1134 1668 ei
1174 1631 1558 1669 Lacedaemoniorum

183 1692 365 1731 instituta
394 1694 561 1731 maxime
590 1693 802 1743 placuisse3
830 1693 983 1742 quibus,
1005 1694 1168 1731 Socratis
1188 1695 1349 1745 vestigia
1369 1696 1562 1745 ingressus

182 1755 283 1793 vitia
312 1756 580 1794 Thessalorum
602 1756 806 1805 opposuit.⁵
859 1756 995 1805 Neque
1015 1757 1174 1794 fortasse
1193 1770 1283 1794 casu
1302 1758 1441 1795 accidit
1460 1758 1561 1807 quod

183 1819 393 1856 memoriae
410 1831 507 1868 quae
527 1818 636 1856 nobis
652 1818 698 1856 de
715 1818 857 1856 Critiae
876 1821 1063 1858 πολιτεῖαι
1082 1819 1332 1858 adservantur
1347 1820 1563 1858 subsistunt

184 1881 225 1918 in
266 1881 654 1919 Lacedaemoniorum
691 1885 729 1919 et
765 1881 1034 1919 Thessalorum
1071 1883 1304 1929 civitatibus,
1338 1884 1448 1933 quasi
1480 1884 1562 1932 ipse

185 1949 318 1981 auctor
345 1944 386 1980 in
414 1944 475 1981 his
503 1944 654 1981 duabus
682 1944 783 1981 inter
810 1956 850 1981 se
879 1945 1145 1992 comparandis
1174 1946 1418 1994 acquieverit,
1445 1946 1564 1983 simili

186 2001 298 2042 inodo
319 2010 436 2055 atque
455 2007 496 2043 in
520 2006 644 2043 Critia
664 2005 775 2043 Plato
794 2005 958 2043 conlatis
977 2006 1180 2044 Atlantide
1199 2010 1238 2044 et
1257 2008 1378 2057 priore
1398 2009 1563 2046 Atheni-

187 2069 339 2107 ensium
359 2069 523 2107 civitate.

243 2131 400 2168 Etenim
436 2135 637 2180 propterea
674 2135 732 2168 est
769 2131 978 2168 verisimile
1017 2132 1158 2169 Critiae
1194 2133 1356 2170 Politias
1393 2133 1566 2172 Platonis

188 2192 429 2245 Reipublicae
448 2193 592 2232 similes
612 2194 740 2240 fuisse,
761 2194 863 2244 quod
882 2194 945 2233 hic
965 2195 1155 2244 dialogum
1176 2195 1297 2242 illum,
1317 2198 1384 2246 qui
1403 2198 1565 2250 Reipub-

189 2257 284 2295 licae
321 2257 535 2294 doctrinam
573 2257 750 2306 exemplo
783 2257 831 2294 ab
863 2258 1023 2294 historia
1061 2259 1180 2307 petito
1217 2259 1386 2297 illustrat
1424 2261 1566 2300 Critiae

189 2320 345 2357 nomine
373 2319 578 2370 inscripsit.
635 2320 742 2366 Quae
769 2333 829 2358 res
862 2321 1220 2360 commemoratione
1253 2322 1478 2373 dignissima
1510 2330 1569 2364 est

189 2394 278 2419 cum
309 2382 419 2420 Plato
447 2395 628 2432 personas
656 2383 891 2433 dialogorum
922 2383 1092 2421 maxima
1121 2396 1211 2422 cura
1243 2385 1431 2435 disponat,
1452 2388 1506 2426 ita
1525 2394 1570 2426 ut

238 2516 246 2535 ¹
260 2514 312 2547 Fr.
330 2518 359 2557 2,
375 2519 404 2549 3.
874 2512 886 2529 ²
900 2515 951 2551 Fr,
971 2519 998 2558 l,
1015 2518 1044 2558 4,
1061 2522 1088 2550 5.

233 2569 245 2586 ⁸
259 2568 305 2601 Of.
323 2568 422 2610 Blass,
439 2568 581 2600 Attisclze
595 2568 840 2611 Beredsamkez't‚
857 2570 883 2602 Ι.
901 2572 971 2603 263.

232 2624 245 2642 ⁴
260 2620 279 2635 “
288 2620 472 2663 Jedenfalls
492 2621 816 2664 Tendenzschrzflenst
831 2622 1004 2665 Diimmler,
1021 2623 1161 2665 Hermes,
1177 2625 1335 2660 XXVIII.
1353 2629 1423 2661 264.

233 2674 245 2692 ⁵
261 2673 307 2707 Cf.
326 2673 407 2708 Plat.
428 2673 504 2709 Urit.
522 2677 564 2709 53
578 2675 618 2708 D.
664 2676 745 2716 ἥξεις
760 2676 789 2710 δὲ
805 2678 844 2712 ἒις
864 2680 1051 2713 &er-mima
1068 2682 1160 2722 πειραὶ
1181 2682 1252 2715 τοὺς
1276 2681 1375 2720 ξένιυς
1389 2682 1458 2720 τοὺς
1487 2682 1580 2726 Κρίτ-

196 2741 274 2764 ωνος·
298 2729 358 2760 ἐκεῖ
372 2730 435 2773 ’γὰρ
450 2729 485 2767 δὴ
502 2734 632 2768 πλείστη
648 2730 774 2770 ἀταξία
790 2731 846 2764 καὶ
863 2730 1029 2766 ἀκολασία.
