1783 2968
839 263 888 299 38

167 365 309 402 veritas
329 365 384 402 ita
403 365 662 414 detorquetur,
683 370 726 403 ut
745 367 1001 405 Theramenes
1022 368 1172 405 omissis
1192 369 1327 406 ceteris
1347 369 1386 406 in
1410 370 1553 408 Critiae

166 432 205 464 et
244 428 462 465 Promethei
500 429 683 466 societate
722 434 986 467 commoretur.
1055 431 1255 468 Praeterea
1293 431 1556 481 Lycophronis

166 491 337 536 victoria,
366 491 478 529 initio
511 492 671 541 triginta
700 493 870 530 virorum
903 493 1103 542 potestatis
1137 497 1340 543 reportata,
1368 508 1444 532 non
1479 496 1556 534 nisi

165 554 267 591 fama
297 554 444 592 incerta
471 554 702 592 Therameni
722 559 813 593 nota
842 568 923 594 esse
942 556 1087 605 potuit:
1116 560 1348 606 quapropter
1374 558 1555 597 credibile

165 621 223 655 est
256 618 548 667 Lycophronem
582 622 676 655 tunc
709 618 893 667 temporis
926 631 1002 655 non
1036 618 1266 657 Therameni
1302 624 1454 658 tantum
1488 622 1554 659 sed

164 679 278 716 etiam
310 679 615 717 Atheniensibus
643 680 837 729 plerisque
863 680 998 717 ducem
1027 680 1278 718 Penestarum
1306 682 1432 719 visum
1462 695 1553 721 esse.

164 743 313 791 Itaque,
334 742 374 779 ni
402 742 526 787 fallor,
546 755 589 780 ea
609 755 707 791 quae
728 742 946 791 Xenophon
966 742 1121 791 profert,
1141 743 1190 780 ad
1215 743 1380 792 primam
1399 747 1552 783 tantum

162 805 368 842 stationem
386 804 614 842 defectionis
629 805 834 854 pertinent.
890 804 1147 842 Philostratus
1160 810 1292 842 contra
1311 806 1373 843 cui
1390 811 1552 845 eventus

161 868 281 905 totius
310 867 404 905 belli
434 871 549 905 notus
582 871 672 911 erat,
700 880 774 904 non
812 867 923 904 modo
957 867 1208 905 Penestarum
1241 869 1466 914 tumultum,
1485 870 1551 907 sed

162 932 278 968 etiam
295 931 543 980 tyrannidem
559 931 781 975 Pheraeam,
795 942 892 979 quae
908 929 1096 979 originem
1117 930 1206 968 inde
1227 930 1349 976 duxit,
1363 932 1550 980 respicere

160 994 316 1031 debuit:
349 993 562 1031 rectissime
592 993 710 1042 igitur
743 992 837 1030 dicit
871 991 1043 1037 Critiam‚
1069 995 1255 1042 tanquam
1285 993 1549 1043 Lycophronis

160 1056 317 1100 socium,
333 1055 612 1104 rempublicam
628 1054 820 1092 Thessalis
839 1054 1051 1103 graviorem
1065 1054 1286 1092 reddidisse.
1335 1055 1442 1100 Quae
1462 1068 1550 1092 cum

159 1118 213 1155 ita
234 1118 323 1162 sint,
343 1117 468 1155 elucet
488 1117 712 1165 scriptorem
732 1119 939 1165 utrumque
958 1128 1047 1153 vera
1066 1116 1246 1164 proferre,
1267 1116 1546 1154 Philostratum

159 1184 289 1218 autem
310 1193 355 1218 ea
374 1179 563 1229 supplere,
584 1192 681 1228 quae
697 1191 719 1216 a
738 1178 995 1228 Xenophonte
1014 1179 1258 1217 omittuntur.

213 1249 321 1293 Quae
339 1247 605 1296 interpretatio
626 1250 825 1295 propterea
845 1246 966 1295 magis
985 1246 1138 1291 arridet,
1159 1246 1262 1295 quod
1292 1246 1547 1285 Philostratus

157 1311 300 1348 ibidem
355 1309 626 1359 Xenophontis
667 1308 860 1358 judicium
912 1309 953 1345 in
1007 1308 1309 1346 Memorabilibus
1354 1309 1546 1358 prolatum

157 1373 328 1412 refutat.1
382 1373 561 1422 Denique
585 1385 627 1410 ea
649 1385 801 1422 quoque
827 1371 918 1409 huic
937 1370 1077 1409 rationi
1107 1372 1239 1409 favent
1258 1385 1355 1421 quae
1385 1372 1544 1411 Pahlius

157 1438 203 1475 de
233 1437 461 1474 Prometheo
481 1435 716 1485 disputavit:
745 1433 1092 1484 Wyttenbachium
1113 1434 1217 1472 enim
1247 1440 1435 1485 sequutus
1456 1448 1543 1473 con-

156 1500 283 1538 tendit
313 1500 566 1537 Penestarum
588 1498 723 1536 ducem
744 1511 822 1536 non
842 1498 961 1535 alium
981 1509 1024 1534 ac
1045 1497 1071 1534 J
1074 1510 1230 1536 asonem
1250 1498 1312 1536 vel
1338 1498 1462 1536 filium
1482 1499 1545 1536 vel

154 1575 341 1613 generum
362 1561 626 1611 Lycophronis
645 1561 787 1598 fuisse.²

211 1632 392 1669 Ceterum
413 1633 456 1667 ut
475 1642 518 1667 eo
538 1629 738 1667 redeamus
758 1630 859 1667 unde
879 1642 994 1680 supra
1014 1630 1176 1680 digressi
1196 1642 1340 1675 sumus,
1353 1630 1466 1667 testis
1485 1634 1544 1668 est

156 1694 414 1732 Philostratus
430 1692 592 1730 Critiam
608 1697 716 1730 “cum
736 1692 992 1730 Thessalorum
1007 1693 1248 1744 optimatibus
1260 1693 1516 1742 colloquentem
1525 1693 1542 1706 ’²

155 1757 414 1794 Athenienses
430 1767 510 1793 esse
526 1755 826 1792 calumniatum:
845 1759 960 1804 atque
980 1768 1069 1793 cum
1084 1768 1160 1793 vox
1179 1755 1247 1792 illa
1267 1754 1543 1807 διαλεγόμενος

153 1832 233 1856 non
252 1818 326 1856 nisi
356 1817 404 1855 ad
420 1818 526 1866 justa
552 1817 743 1866 colloquia
766 1822 937 1866 spectare
965 1817 1098 1867 possit,
1118 1829 1186 1867 ego
1205 1830 1295 1855 vero
1324 1817 1448 1855 facere
1464 1829 1540 1854 non

153 1895 322 1932 possum,
341 1881 437 1930 quin
465 1881 600 1929 opiner
630 1880 910 1918 Philostratum
938 1881 978 1917 in
1007 1880 1068 1918 his
1096 1880 1308 1918 scribendis
1339 1880 1540 1931 Colloquia

152 1945 201 1982 ab
219 1945 303 1997 ipso
319 1943 440 1982 Critia
455 1942 601 1992 publici
616 1942 715 1991 juris
736 1942 836 1980 facta
855 1942 896 1980 in
911 1942 1039 1980 animo
1059 1943 1247 1981 habuisse.
1304 1943 1420 1981 Unde
1435 1944 1538 1981 enim

152 2019 356 2051 sermones,
390 2018 485 2055 quos
524 2005 665 2043 Critias
702 2009 792 2042 ante
825 2017 946 2043 annos
985 2009 1185 2044 sexcentos
1218 2019 1306 2043 cum
1343 2006 1537 2045 Thessalis

151 2070 349 2114 habuerat,
370 2068 605 2105 Philostrato
625 2070 933 2116 pernotuerunt?

205 2138 329 2184 Quam
345 2136 566 2187 opinionem
581 2136 795 2185 fragmenta
814 2136 1051 2181 confirmant,
1064 2148 1161 2185 quae
1181 2135 1348 2173 Bachius
1361 2136 1409 2173 ad
1429 2136 1537 2174 libel-

150 2201 231 2239 lum
245 2200 439 2250 quendam
455 2200 501 2237 de
516 2199 818 2237 Atheniensium
834 2199 1045 2248 Republica
1059 2199 1258 2237 referenda
1273 2211 1354 2237 esse
1377 2201 1538 2238 statuit.³

149 2268 168 2283 “
186 2264 285 2310 Quae
332 2264 375 2300 de
421 2262 656 2299 Themistocle
672 2262 689 2276 '’
736 2262 865 2312 inquit
911 2266 930 2280 “
948 2261 1075 2300 Cleone
1119 2267 1151 2300 et
1200 2261 1348 2300 Cimone
1391 2263 1533 2300 Critias

149 2326 363 2378 exposuisse
395 2325 585 2375 laudatur,
615 2325 707 2363 satis
738 2319 994 2363 verisimiliter
1023 2325 1076 2363 ad
1102 2326 1224 2376 ipsius
1254 2325 1536 2377 Rempubli'cam

147 2389 433 2426 Atheniensium
452 2389 669 2438 respiciunt,
690 2388 772 2425 licet
791 2389 867 2437 ejus
884 2401 1067 2437 nusquam
1079 2389 1157 2437 fiat
1175 2388 1339 2425 mentio.”
1395 2389 1452 2425 Fr.
1476 2390 1536 2434 10,

147 2453 249 2503 quod
278 2451 371 2489 trita
390 2450 457 2488 illa
477 2450 680 2499 opprobria
708 2450 749 2487 in
768 2450 971 2500 populares
990 2450 1290 2488 Atheniensium
1311 2450 1427 2489 duces
1445 2463 1533 2489 con-

146 2519 300 2565 torquet
333 2513 580 2563 optimatium
613 2514 825 2551 sententias
853 2518 983 2562 aperte
1011 2514 1218 2563 exprimit:
1250 2514 1369 2551 altero
1402 2518 1532 2552 autem

146 2580 361 2628 fragmento
406 2576 546 2613 Critias
594 2576 805 2613 contrariae
854 2576 1031 2614 factionis
1070 2589 1180 2614 voces
1227 2579 1396 2625 usurpat,
1434 2589 1532 2626 quae

189 2727 196 2743 ¹
217 2724 296 2755 Test.
314 2722 391 2754 Ant.
410 2722 454 2754 II.
474 2724 523 2762 13,
542 2724 590 2755 14.
695 2725 707 2741 ²
719 2722 764 2756 Cf.
783 2722 871 2754 Pahl.
888 2721 1001 2754 Jahrb.
1011 2722 1042 2764 f.
1061 2722 1182 2756 Philol.
1200 2722 1322 2754 XCIII.
1340 2725 1402 2754 530
1418 2732 1483 2763 sqq.

185 2777 196 2793 ³
212 2778 264 2810 Fr.
283 2778 332 2816 10,
352 2780 400 2808 ll.
446 2774 492 2808 Cf.
509 2775 605 2815 Bach,
621 2785 670 2817 op.
687 2775 739 2807 cit.
757 2777 798 2807 98
813 2787 821 2814 ;
844 2775 970 2816 Miiller,
987 2774 1044 2810 Fr.
1061 2774 1148 2808 Hist.
1168 2774 1277 2808 Graec.
1295 2775 1340 2807 ΙΙ.
1357 2777 1407 2807 68.
