<?xml version="1.0" encoding="UTF-8"?>
<!DOCTYPE html PUBLIC "-//W3C//DTD XHTML 1.0 Transitional//EN"
    "http://www.w3.org/TR/xhtml1/DTD/xhtml1-transitional.dtd">
<html xmlns="http://www.w3.org/1999/xhtml" xml:lang="en" lang="en">
 <head>
  <title>
</title>
<meta http-equiv="Content-Type" content="text/html;charset=utf-8" />
  <meta name='ocr-system' content='tesseract 3.04.00' />
  <meta name='ocr-capabilities' content='ocr_page ocr_carea ocr_par ocr_line ocrx_word'/>
</head>
<body>
  <div class='ocr_page' id='page_1' title='image "4737334_0047.png"; bbox 0 0 1783 2968; ppageno 0'>
   <div class='ocr_carea' id='block_1_1' title="bbox 897 248 945 284">
    <p class='ocr_par' dir='ltr' id='par_1_1' title="bbox 897 248 945 284">
     <span class='ocr_line' id='line_1_1' title="bbox 897 248 945 284; baseline 0.021 -1"><span class='ocrx_word' id='word_1_1' title='bbox 897 248 945 284; x_wconf 82' lang='lat'>33</span> 
     </span>
    </p>
   </div>
   <div class='ocr_carea' id='block_1_2' title="bbox 233 349 1630 2590">
    <p class='ocr_par' dir='ltr' id='par_1_2' title="bbox 233 349 1614 652">
     <span class='ocr_line' id='line_1_2' title="bbox 234 349 1612 403; baseline -0.001 -14"><span class='ocrx_word' id='word_1_2' title='bbox 234 350 421 390; x_wconf 79' lang='grc' dir='ltr'>“πωλαι”</span> <span class='ocrx_word' id='word_1_3' title='bbox 441 351 517 389; x_wconf 87' lang='lat' dir='ltr'>huc</span> <span class='ocrx_word' id='word_1_4' title='bbox 544 350 750 401; x_wconf 73' lang='lat' dir='ltr'>pertinent,</span> <span class='ocrx_word' id='word_1_5' title='bbox 770 351 905 390; x_wconf 88' lang='lat' dir='ltr'>comici</span> <span class='ocrx_word' id='word_1_6' title='bbox 933 352 1037 391; x_wconf 90' lang='lat' dir='ltr'>enim</span> <span class='ocrx_word' id='word_1_7' title='bbox 1064 351 1252 403; x_wconf 87' lang='lat' dir='ltr'>ejusmodi</span> <span class='ocrx_word' id='word_1_8' title='bbox 1281 349 1504 401; x_wconf 87' lang='lat' dir='ltr'>compositis</span> <span class='ocrx_word' id='word_1_9' title='bbox 1531 361 1612 388; x_wconf 87' lang='lat' dir='ltr'>sae-</span> 
     </span>
     <span class='ocr_line' id='line_1_3' title="bbox 233 413 1611 466; baseline -0.001 -16"><span class='ocrx_word' id='word_1_10' title='bbox 233 414 390 462; x_wconf 86' lang='lat' dir='ltr'>pissime</span> <span class='ocrx_word' id='word_1_11' title='bbox 423 413 611 451; x_wconf 87' lang='lat' dir='ltr'>utuntur.¹</span> <span class='ocrx_word' id='word_1_12' title='bbox 665 415 865 453; x_wconf 87' lang='lat' dir='ltr'>Praeterea</span> <span class='ocrx_word' id='word_1_13' title='bbox 898 417 1063 466; x_wconf 74' lang='grc' dir='ltr'>ὀψωνεῖν</span> <span class='ocrx_word' id='word_1_14' title='bbox 1096 428 1183 453; x_wconf 89' lang='lat' dir='ltr'>cum</span> <span class='ocrx_word' id='word_1_15' title='bbox 1216 414 1476 464; x_wconf 82' lang='lat' dir='ltr'>Aristophane</span> <span class='ocrx_word' id='word_1_16' title='bbox 1509 425 1611 449; x_wconf 88' lang='lat' dir='ltr'>com-</span> 
     </span>
     <span class='ocr_line' id='line_1_4' title="bbox 235 472 1614 529; baseline 0 -16"><span class='ocrx_word' id='word_1_17' title='bbox 235 488 349 514; x_wconf 88' lang='lat' dir='ltr'>mune</span> <span class='ocrx_word' id='word_1_18' title='bbox 389 476 516 522; x_wconf 76' lang='lat' dir='ltr'>habet,</span> <span class='ocrx_word' id='word_1_19' title='bbox 544 481 583 515; x_wconf 82' lang='lat' dir='ltr'>et</span> <span class='ocrx_word' id='word_1_20' title='bbox 622 475 808 528; x_wconf 81' lang='grc' dir='ltr'>ἆστΰτριψ</span> <span class='ocrx_word' id='word_1_21' title='bbox 841 490 928 515; x_wconf 86' lang='lat' dir='ltr'>cum</span> <span class='ocrx_word' id='word_1_22' title='bbox 963 478 1133 528; x_wconf 82' lang='lat' dir='ltr'>ejusdem</span> <span class='ocrx_word' id='word_1_23' title='bbox 1171 476 1339 529; x_wconf 67' lang='grc' dir='ltr'>ᾡκότριψ</span> <span class='ocrx_word' id='word_1_24' title='bbox 1381 472 1614 526; x_wconf 71' lang='grc' dir='ltr'>Εὐριπίδης’</span> 
     </span>
     <span class='ocr_line' id='line_1_5' title="bbox 233 538 1612 590; baseline -0.002 -15"><span class='ocrx_word' id='word_1_25' title='bbox 233 539 509 577; x_wconf 76' lang='lat' dir='ltr'>eonferendum</span> <span class='ocrx_word' id='word_1_26' title='bbox 529 543 597 577; x_wconf 88' lang='lat' dir='ltr'>est.</span> <span class='ocrx_word' id='word_1_27' title='bbox 652 539 790 578; x_wconf 88' lang='lat' dir='ltr'>Elucet</span> <span class='ocrx_word' id='word_1_28' title='bbox 817 540 935 590; x_wconf 91' lang='lat' dir='ltr'>igitur</span> <span class='ocrx_word' id='word_1_29' title='bbox 955 541 1114 578; x_wconf 87' lang='lat' dir='ltr'>Critiam</span> <span class='ocrx_word' id='word_1_30' title='bbox 1134 552 1308 578; x_wconf 79' lang='lat' dir='ltr'>sermone</span> <span class='ocrx_word' id='word_1_31' title='bbox 1328 538 1478 587; x_wconf 86' lang='lat' dir='ltr'>vulgari</span> <span class='ocrx_word' id='word_1_32' title='bbox 1498 549 1612 574; x_wconf 91' lang='lat' dir='ltr'>usum</span> 
     </span>
     <span class='ocr_line' id='line_1_6' title="bbox 236 599 1537 652; baseline -0.001 -15"><span class='ocrx_word' id='word_1_33' title='bbox 236 612 328 645; x_wconf 85' lang='lat' dir='ltr'>esse,</span> <span class='ocrx_word' id='word_1_34' title='bbox 347 613 424 650; x_wconf 84' lang='lat' dir='ltr'>qua</span> <span class='ocrx_word' id='word_1_35' title='bbox 442 600 483 638; x_wconf 91' lang='lat' dir='ltr'>in</span> <span class='ocrx_word' id='word_1_36' title='bbox 503 614 554 647; x_wconf 91' lang='lat' dir='ltr'>re,</span> <span class='ocrx_word' id='word_1_37' title='bbox 573 601 616 638; x_wconf 92' lang='lat' dir='ltr'>ni</span> <span class='ocrx_word' id='word_1_38' title='bbox 635 601 757 646; x_wconf 87' lang='lat' dir='ltr'>fallor,</span> <span class='ocrx_word' id='word_1_39' title='bbox 778 602 944 640; x_wconf 87' lang='lat' dir='ltr'>Socratis</span> <span class='ocrx_word' id='word_1_40' title='bbox 964 602 1192 639; x_wconf 82' lang='lat' dir='ltr'>familiarem</span> <span class='ocrx_word' id='word_1_41' title='bbox 1213 614 1417 652; x_wconf 82' lang='lat' dir='ltr'>agnoscere</span> <span class='ocrx_word' id='word_1_42' title='bbox 1436 599 1537 637; x_wconf 92' lang='lat' dir='ltr'>licet.</span> 
     </span>
    </p>

    <p class='ocr_par' dir='ltr' id='par_1_3' title="bbox 235 661 1616 1087">
     <span class='ocr_line' id='line_1_7' title="bbox 289 661 1615 714; baseline -0.002 -15"><span class='ocrx_word' id='word_1_43' title='bbox 289 663 441 700; x_wconf 91' lang='lat' dir='ltr'>Primus</span> <span class='ocrx_word' id='word_1_44' title='bbox 460 667 651 701; x_wconf 88' lang='lat' dir='ltr'>oratorum</span> <span class='ocrx_word' id='word_1_45' title='bbox 670 665 881 702; x_wconf 88' lang='lat' dir='ltr'>sententias</span> <span class='ocrx_word' id='word_1_46' title='bbox 906 677 1039 714; x_wconf 87' lang='lat' dir='ltr'>graves</span> <span class='ocrx_word' id='word_1_47' title='bbox 1059 664 1225 714; x_wconf 85' lang='lat' dir='ltr'>simplici</span> <span class='ocrx_word' id='word_1_48' title='bbox 1252 676 1425 701; x_wconf 89' lang='lat' dir='ltr'>sermone</span> <span class='ocrx_word' id='word_1_49' title='bbox 1446 661 1615 706; x_wconf 89' lang='lat' dir='ltr'>vestivit,</span> 
     </span>
     <span class='ocr_line' id='line_1_8' title="bbox 236 724 1615 776; baseline 0 -16"><span class='ocrx_word' id='word_1_50' title='bbox 236 724 572 775; x_wconf 80' lang='lat' dir='ltr'>eloquentiamque</span> <span class='ocrx_word' id='word_1_51' title='bbox 609 726 658 764; x_wconf 90' lang='lat' dir='ltr'>ad</span> <span class='ocrx_word' id='word_1_52' title='bbox 704 726 877 776; x_wconf 88' lang='lat' dir='ltr'>linguam</span> <span class='ocrx_word' id='word_1_53' title='bbox 914 727 1110 776; x_wconf 87' lang='lat' dir='ltr'>vulgarem</span> <span class='ocrx_word' id='word_1_54' title='bbox 1154 726 1439 765; x_wconf 87' lang='lat' dir='ltr'>accommodare</span> <span class='ocrx_word' id='word_1_55' title='bbox 1486 736 1615 768; x_wconf 91' lang='lat' dir='ltr'>ausus,</span> 
     </span>
     <span class='ocr_line' id='line_1_9' title="bbox 236 786 1615 838; baseline 0 -15"><span class='ocrx_word' id='word_1_56' title='bbox 236 787 372 836; x_wconf 85' lang='lat' dir='ltr'>Lysiae</span> <span class='ocrx_word' id='word_1_57' title='bbox 398 788 507 825; x_wconf 90' lang='lat' dir='ltr'>tenui</span> <span class='ocrx_word' id='word_1_58' title='bbox 535 788 593 825; x_wconf 91' lang='lat' dir='ltr'>illi</span> <span class='ocrx_word' id='word_1_59' title='bbox 619 789 757 826; x_wconf 88' lang='lat' dir='ltr'>oratori</span> <span class='ocrx_word' id='word_1_60' title='bbox 783 789 886 826; x_wconf 90' lang='lat' dir='ltr'>viam</span> <span class='ocrx_word' id='word_1_61' title='bbox 913 789 1089 834; x_wconf 82' lang='lat' dir='ltr'>munivit,</span> <span class='ocrx_word' id='word_1_62' title='bbox 1109 789 1176 838; x_wconf 90' lang='lat' dir='ltr'>qui</span> <span class='ocrx_word' id='word_1_63' title='bbox 1204 789 1275 826; x_wconf 88' lang='lat' dir='ltr'>hac</span> <span class='ocrx_word' id='word_1_64' title='bbox 1300 789 1384 838; x_wconf 87' lang='lat' dir='ltr'>ipsa</span> <span class='ocrx_word' id='word_1_65' title='bbox 1403 788 1546 825; x_wconf 88' lang='lat' dir='ltr'>virtute</span> <span class='ocrx_word' id='word_1_66' title='bbox 1567 786 1615 823; x_wconf 86' lang='lat' dir='ltr'>ab</span> 
     </span>
     <span class='ocr_line' id='line_1_10' title="bbox 235 848 1614 901; baseline -0.001 -14"><span class='ocrx_word' id='word_1_67' title='bbox 235 850 460 899; x_wconf 84' lang='lat' dir='ltr'>aequalibus</span> <span class='ocrx_word' id='word_1_68' title='bbox 488 850 802 901; x_wconf 79' lang='lat' dir='ltr'>distinguebatur.</span> <span class='ocrx_word' id='word_1_69' title='bbox 869 851 1044 889; x_wconf 90' lang='lat' dir='ltr'>Medium</span> <span class='ocrx_word' id='word_1_70' title='bbox 1072 851 1190 901; x_wconf 86' lang='lat' dir='ltr'>igitur</span> <span class='ocrx_word' id='word_1_71' title='bbox 1216 851 1342 889; x_wconf 89' lang='lat' dir='ltr'>locum</span> <span class='ocrx_word' id='word_1_72' title='bbox 1370 850 1471 888; x_wconf 89' lang='lat' dir='ltr'>inter</span> <span class='ocrx_word' id='word_1_73' title='bbox 1499 848 1614 886; x_wconf 88' lang='lat' dir='ltr'>Anti-</span> 
     </span>
     <span class='ocr_line' id='line_1_11' title="bbox 237 911 1615 962; baseline -0.001 -14"><span class='ocrx_word' id='word_1_74' title='bbox 237 913 420 961; x_wconf 87' lang='lat' dir='ltr'>phontem</span> <span class='ocrx_word' id='word_1_75' title='bbox 440 916 478 950; x_wconf 94' lang='lat' dir='ltr'>et</span> <span class='ocrx_word' id='word_1_76' title='bbox 498 913 652 962; x_wconf 85' lang='lat' dir='ltr'>Lysiam</span> <span class='ocrx_word' id='word_1_77' title='bbox 671 917 842 962; x_wconf 88' lang='lat' dir='ltr'>occupat,</span> <span class='ocrx_word' id='word_1_78' title='bbox 864 926 996 962; x_wconf 87' lang='lat' dir='ltr'>neque,</span> <span class='ocrx_word' id='word_1_79' title='bbox 1017 913 1050 950; x_wconf 89' lang='lat' dir='ltr'>si</span> <span class='ocrx_word' id='word_1_80' title='bbox 1069 912 1304 962; x_wconf 87' lang='lat' dir='ltr'>Hermogeni</span> <span class='ocrx_word' id='word_1_81' title='bbox 1322 916 1361 949; x_wconf 90' lang='lat' dir='ltr'>et</span> <span class='ocrx_word' id='word_1_82' title='bbox 1380 911 1615 948; x_wconf 84' lang='lat' dir='ltr'>Philostrato</span> 
     </span>
     <span class='ocr_line' id='line_1_12' title="bbox 236 972 1616 1026; baseline -0.001 -15"><span class='ocrx_word' id='word_1_83' title='bbox 236 975 351 1012; x_wconf 87' lang='lat' dir='ltr'>fidem</span> <span class='ocrx_word' id='word_1_84' title='bbox 388 974 567 1012; x_wconf 87' lang='lat' dir='ltr'>adhibere</span> <span class='ocrx_word' id='word_1_85' title='bbox 604 974 704 1021; x_wconf 87' lang='lat' dir='ltr'>licet,</span> <span class='ocrx_word' id='word_1_86' title='bbox 737 975 918 1026; x_wconf 86' lang='lat' dir='ltr'>indignus</span> <span class='ocrx_word' id='word_1_87' title='bbox 968 980 1034 1020; x_wconf 89' lang='lat' dir='ltr'>est,</span> <span class='ocrx_word' id='word_1_88' title='bbox 1068 975 1135 1025; x_wconf 92' lang='lat' dir='ltr'>qui</span> <span class='ocrx_word' id='word_1_89' title='bbox 1177 974 1313 1024; x_wconf 88' lang='lat' dir='ltr'>Lysiae</span> <span class='ocrx_word' id='word_1_90' title='bbox 1360 972 1616 1024; x_wconf 86' lang='lat' dir='ltr'>praenuntius</span> 
     </span>
     <span class='ocr_line' id='line_1_13' title="bbox 238 1041 491 1087; baseline 0 -13"><span class='ocrx_word' id='word_1_91' title='bbox 238 1041 491 1087; x_wconf 84' lang='lat' dir='ltr'>nuncupetur.</span> 
     </span>
    </p>

    <p class='ocr_par' dir='ltr' id='par_1_4' title="bbox 236 1097 1630 2590">
     <span class='ocr_line' id='line_1_14' title="bbox 291 1097 1617 1150; baseline -0.002 -13"><span class='ocrx_word' id='word_1_92' title='bbox 291 1100 381 1137; x_wconf 91' lang='lat' dir='ltr'>Non</span> <span class='ocrx_word' id='word_1_93' title='bbox 418 1105 476 1138; x_wconf 93' lang='lat' dir='ltr'>est</span> <span class='ocrx_word' id='word_1_94' title='bbox 513 1100 673 1138; x_wconf 89' lang='lat' dir='ltr'>dubium</span> <span class='ocrx_word' id='word_1_95' title='bbox 710 1101 805 1150; x_wconf 88' lang='lat' dir='ltr'>quin</span> <span class='ocrx_word' id='word_1_96' title='bbox 849 1101 1011 1138; x_wconf 86' lang='lat' dir='ltr'>oratoria</span> <span class='ocrx_word' id='word_1_97' title='bbox 1060 1100 1202 1139; x_wconf 87' lang='lat' dir='ltr'>Critiae</span> <span class='ocrx_word' id='word_1_98' title='bbox 1240 1100 1383 1149; x_wconf 86' lang='lat' dir='ltr'>scripta</span> <span class='ocrx_word' id='word_1_99' title='bbox 1431 1097 1617 1142; x_wconf 84' lang='lat' dir='ltr'>Ciceroni,</span> 
     </span>
     <span class='ocr_line' id='line_1_15' title="bbox 238 1163 1616 1213; baseline -0.002 -14"><span class='ocrx_word' id='word_1_100' title='bbox 238 1163 436 1211; x_wconf 88' lang='lat' dir='ltr'>Dionysio,</span> <span class='ocrx_word' id='word_1_101' title='bbox 456 1163 691 1213; x_wconf 86' lang='lat' dir='ltr'>Hermogeni</span> <span class='ocrx_word' id='word_1_102' title='bbox 718 1167 809 1200; x_wconf 87' lang='lat' dir='ltr'>nota</span> <span class='ocrx_word' id='word_1_103' title='bbox 838 1164 1001 1201; x_wconf 84' lang='lat' dir='ltr'>fuerint:</span> <span class='ocrx_word' id='word_1_104' title='bbox 1029 1163 1096 1201; x_wconf 89' lang='lat' dir='ltr'>sed</span> <span class='ocrx_word' id='word_1_105' title='bbox 1124 1176 1200 1200; x_wconf 90' lang='lat' dir='ltr'>non</span> <span class='ocrx_word' id='word_1_106' title='bbox 1228 1163 1282 1200; x_wconf 91' lang='lat' dir='ltr'>ita</span> <span class='ocrx_word' id='word_1_107' title='bbox 1309 1166 1455 1200; x_wconf 90' lang='lat' dir='ltr'>certum</span> <span class='ocrx_word' id='word_1_108' title='bbox 1484 1165 1542 1199; x_wconf 88' lang='lat' dir='ltr'>est</span> <span class='ocrx_word' id='word_1_109' title='bbox 1566 1173 1616 1197; x_wconf 89' lang='lat' dir='ltr'>an</span> 
     </span>
     <span class='ocr_line' id='line_1_16' title="bbox 237 1223 1617 1274; baseline -0.002 -12"><span class='ocrx_word' id='word_1_110' title='bbox 237 1225 331 1262; x_wconf 89' lang='lat' dir='ltr'>haec</span> <span class='ocrx_word' id='word_1_111' title='bbox 345 1225 474 1274; x_wconf 86' lang='lat' dir='ltr'>justae</span> <span class='ocrx_word' id='word_1_112' title='bbox 497 1225 639 1263; x_wconf 85' lang='lat' dir='ltr'>suerint</span> <span class='ocrx_word' id='word_1_113' title='bbox 658 1226 856 1263; x_wconf 84' lang='lat' dir='ltr'>orationes.</span> <span class='ocrx_word' id='word_1_114' title='bbox 914 1226 1048 1263; x_wconf 85' lang='lat' dir='ltr'>Unum</span> <span class='ocrx_word' id='word_1_115' title='bbox 1068 1230 1168 1263; x_wconf 87' lang='lat' dir='ltr'>certe</span> <span class='ocrx_word' id='word_1_116' title='bbox 1188 1226 1314 1262; x_wconf 87' lang='lat' dir='ltr'>locum</span> <span class='ocrx_word' id='word_1_117' title='bbox 1333 1224 1528 1268; x_wconf 89' lang='lat' dir='ltr'>habemus,</span> <span class='ocrx_word' id='word_1_118' title='bbox 1549 1223 1617 1273; x_wconf 91' lang='lat' dir='ltr'>qui</span> 
     </span>
     <span class='ocr_line' id='line_1_17' title="bbox 238 1286 1616 1337; baseline -0.001 -13"><span class='ocrx_word' id='word_1_119' title='bbox 238 1287 337 1324; x_wconf 88' lang='lat' dir='ltr'>hanc</span> <span class='ocrx_word' id='word_1_120' title='bbox 385 1288 650 1336; x_wconf 88' lang='lat' dir='ltr'>quaestionem</span> <span class='ocrx_word' id='word_1_121' title='bbox 698 1288 879 1337; x_wconf 87' lang='lat' dir='ltr'>expedire</span> <span class='ocrx_word' id='word_1_122' title='bbox 926 1289 1089 1325; x_wconf 90' lang='lat' dir='ltr'>videtur.</span> <span class='ocrx_word' id='word_1_123' title='bbox 1164 1288 1376 1336; x_wconf 87' lang='lat' dir='ltr'>Dionysius</span> <span class='ocrx_word' id='word_1_124' title='bbox 1424 1287 1538 1330; x_wconf 89' lang='lat' dir='ltr'>enim,</span> <span class='ocrx_word' id='word_1_125' title='bbox 1576 1286 1616 1322; x_wconf 92' lang='lat' dir='ltr'>in</span> 
     </span>
     <span class='ocr_line' id='line_1_18' title="bbox 239 1350 1617 1399; baseline -0.001 -12"><span class='ocrx_word' id='word_1_126' title='bbox 239 1350 521 1399; x_wconf 86' lang='lat' dir='ltr'>Thrasymachi</span> <span class='ocrx_word' id='word_1_127' title='bbox 553 1351 642 1388; x_wconf 91' lang='lat' dir='ltr'>stilo</span> <span class='ocrx_word' id='word_1_128' title='bbox 671 1350 919 1389; x_wconf 87' lang='lat' dir='ltr'>describendo</span> <span class='ocrx_word' id='word_1_129' title='bbox 953 1351 1130 1389; x_wconf 85' lang='lat' dir='ltr'>meminit</span> <span class='ocrx_word' id='word_1_130' title='bbox 1159 1363 1246 1388; x_wconf 85' lang='lat' dir='ltr'>eum</span> <span class='ocrx_word' id='word_1_131' title='bbox 1270 1351 1394 1399; x_wconf 86' lang='lat' dir='ltr'>justas</span> <span class='ocrx_word' id='word_1_132' title='bbox 1427 1350 1617 1387; x_wconf 87' lang='lat' dir='ltr'>orationes</span> 
     </span>
     <span class='ocr_line' id='line_1_19' title="bbox 239 1411 1618 1461; baseline -0.001 -13"><span class='ocrx_word' id='word_1_133' title='bbox 239 1425 317 1448; x_wconf 93' lang='lat' dir='ltr'>non</span> <span class='ocrx_word' id='word_1_134' title='bbox 337 1412 558 1461; x_wconf 89' lang='lat' dir='ltr'>reliquisse;</span> <span class='ocrx_word' id='word_1_135' title='bbox 578 1412 763 1461; x_wconf 89' lang='lat' dir='ltr'>additque</span> <span class='ocrx_word' id='word_1_136' title='bbox 778 1413 911 1450; x_wconf 88' lang='lat' dir='ltr'>eadem</span> <span class='ocrx_word' id='word_1_137' title='bbox 931 1413 1009 1450; x_wconf 82' lang='lat' dir='ltr'>fere</span> <span class='ocrx_word' id='word_1_138' title='bbox 1024 1413 1070 1450; x_wconf 93' lang='lat' dir='ltr'>de</span> <span class='ocrx_word' id='word_1_139' title='bbox 1093 1413 1213 1450; x_wconf 88' lang='lat' dir='ltr'>Critia</span> <span class='ocrx_word' id='word_1_140' title='bbox 1228 1413 1303 1449; x_wconf 91' lang='lat' dir='ltr'>dici</span> <span class='ocrx_word' id='word_1_141' title='bbox 1324 1414 1457 1461; x_wconf 79' lang='lat' dir='ltr'>posse.³</span> <span class='ocrx_word' id='word_1_142' title='bbox 1512 1411 1618 1456; x_wconf 88' lang='lat' dir='ltr'>Quae</span> 
     </span>
     <span class='ocr_line' id='line_1_20' title="bbox 242 1474 1619 1525; baseline -0.001 -13"><span class='ocrx_word' id='word_1_143' title='bbox 242 1475 358 1513; x_wconf 89' lang='lat' dir='ltr'>verba</span> <span class='ocrx_word' id='word_1_144' title='bbox 386 1475 440 1512; x_wconf 90' lang='lat' dir='ltr'>ita</span> <span class='ocrx_word' id='word_1_145' title='bbox 468 1475 639 1524; x_wconf 88' lang='lat' dir='ltr'>accipere</span> <span class='ocrx_word' id='word_1_146' title='bbox 666 1488 880 1525; x_wconf 88' lang='lat' dir='ltr'>possumus,</span> <span class='ocrx_word' id='word_1_147' title='bbox 901 1479 944 1513; x_wconf 93' lang='lat' dir='ltr'>ut</span> <span class='ocrx_word' id='word_1_148' title='bbox 963 1480 1187 1521; x_wconf 85' lang='lat' dir='ltr'>statuamus,</span> <span class='ocrx_word' id='word_1_149' title='bbox 1209 1476 1369 1513; x_wconf 84' lang='lat' dir='ltr'>Critiam</span> <span class='ocrx_word' id='word_1_150' title='bbox 1398 1480 1437 1512; x_wconf 85' lang='lat' dir='ltr'>et</span> <span class='ocrx_word' id='word_1_151' title='bbox 1455 1474 1619 1522; x_wconf 87' lang='lat' dir='ltr'>Thrasy-</span> 
     </span>
     <span class='ocr_line' id='line_1_21' title="bbox 241 1537 1620 1587; baseline -0.001 -13"><span class='ocrx_word' id='word_1_152' title='bbox 241 1537 419 1575; x_wconf 87' lang='lat' dir='ltr'>machum</span> <span class='ocrx_word' id='word_1_153' title='bbox 445 1551 520 1574; x_wconf 92' lang='lat' dir='ltr'>non</span> <span class='ocrx_word' id='word_1_154' title='bbox 551 1538 661 1575; x_wconf 88' lang='lat' dir='ltr'>modo</span> <span class='ocrx_word' id='word_1_155' title='bbox 688 1538 820 1575; x_wconf 90' lang='lat' dir='ltr'>eodem</span> <span class='ocrx_word' id='word_1_156' title='bbox 847 1550 983 1587; x_wconf 83' lang='lat' dir='ltr'>genere</span> <span class='ocrx_word' id='word_1_157' title='bbox 1003 1538 1155 1576; x_wconf 91' lang='lat' dir='ltr'>dicendi</span> <span class='ocrx_word' id='word_1_158' title='bbox 1184 1550 1272 1575; x_wconf 90' lang='lat' dir='ltr'>usos</span> <span class='ocrx_word' id='word_1_159' title='bbox 1300 1551 1391 1582; x_wconf 89' lang='lat' dir='ltr'>esse,</span> <span class='ocrx_word' id='word_1_160' title='bbox 1410 1537 1476 1574; x_wconf 85' lang='lat' dir='ltr'>sed</span> <span class='ocrx_word' id='word_1_161' title='bbox 1504 1537 1620 1574; x_wconf 87' lang='lat' dir='ltr'>etiam</span> 
     </span>
     <span class='ocr_line' id='line_1_22' title="bbox 239 1599 1621 1650; baseline -0.001 -14"><span class='ocrx_word' id='word_1_162' title='bbox 239 1599 381 1637; x_wconf 89' lang='lat' dir='ltr'>similia</span> <span class='ocrx_word' id='word_1_163' title='bbox 420 1600 661 1649; x_wconf 89' lang='lat' dir='ltr'>eloquentiae</span> <span class='ocrx_word' id='word_1_164' title='bbox 703 1605 954 1638; x_wconf 87' lang='lat' dir='ltr'>monumenta</span> <span class='ocrx_word' id='word_1_165' title='bbox 990 1600 1212 1650; x_wconf 86' lang='lat' dir='ltr'>reliquisse:</span> <span class='ocrx_word' id='word_1_166' title='bbox 1258 1600 1360 1637; x_wconf 91' lang='lat' dir='ltr'>unde</span> <span class='ocrx_word' id='word_1_167' title='bbox 1397 1602 1621 1648; x_wconf 89' lang='lat' dir='ltr'>sequeretur</span> 
     </span>
     <span class='ocr_line' id='line_1_23' title="bbox 236 1662 1621 1712; baseline -0.001 -13"><span class='ocrx_word' id='word_1_168' title='bbox 236 1663 362 1711; x_wconf 84' lang='lat' dir='ltr'>justas</span> <span class='ocrx_word' id='word_1_169' title='bbox 410 1662 554 1700; x_wconf 86' lang='lat' dir='ltr'>Critiae</span> <span class='ocrx_word' id='word_1_170' title='bbox 597 1663 787 1701; x_wconf 89' lang='lat' dir='ltr'>orationes</span> <span class='ocrx_word' id='word_1_171' title='bbox 823 1663 1013 1712; x_wconf 84' lang='lat' dir='ltr'>Dionysio</span> <span class='ocrx_word' id='word_1_172' title='bbox 1050 1676 1126 1700; x_wconf 91' lang='lat' dir='ltr'>non</span> <span class='ocrx_word' id='word_1_173' title='bbox 1165 1667 1273 1700; x_wconf 88' lang='lat' dir='ltr'>notas</span> <span class='ocrx_word' id='word_1_174' title='bbox 1311 1662 1436 1700; x_wconf 87' lang='lat' dir='ltr'>fuisse.</span> <span class='ocrx_word' id='word_1_175' title='bbox 1509 1662 1621 1698; x_wconf 89' lang='lat' dir='ltr'>Atta-</span> 
     </span>
     <span class='ocr_line' id='line_1_24' title="bbox 243 1724 1623 1774; baseline -0.001 -13"><span class='ocrx_word' id='word_1_176' title='bbox 243 1737 331 1762; x_wconf 90' lang='lat' dir='ltr'>men</span> <span class='ocrx_word' id='word_1_177' title='bbox 363 1725 528 1769; x_wconf 86' lang='lat' dir='ltr'>critious‚</span> <span class='ocrx_word' id='word_1_178' title='bbox 557 1726 665 1774; x_wconf 85' lang='lat' dir='ltr'>cujus</span> <span class='ocrx_word' id='word_1_179' title='bbox 697 1726 904 1763; x_wconf 84' lang='lat' dir='ltr'>auctoritas</span> <span class='ocrx_word' id='word_1_180' title='bbox 934 1726 974 1762; x_wconf 90' lang='lat' dir='ltr'>in</span> <span class='ocrx_word' id='word_1_181' title='bbox 1007 1725 1079 1763; x_wconf 85' lang='lat' dir='ltr'>hac</span> <span class='ocrx_word' id='word_1_182' title='bbox 1107 1726 1329 1774; x_wconf 84' lang='lat' dir='ltr'>quaestione</span> <span class='ocrx_word' id='word_1_183' title='bbox 1359 1724 1527 1762; x_wconf 86' lang='lat' dir='ltr'>maxima</span> <span class='ocrx_word' id='word_1_184' title='bbox 1555 1728 1623 1767; x_wconf 84' lang='lat' dir='ltr'>est,</span> 
     </span>
     <span class='ocr_line' id='line_1_25' title="bbox 244 1779 1623 1839; baseline -0.001 -15"><span class='ocrx_word' id='word_1_185' title='bbox 244 1786 318 1825; x_wconf 91' lang='lat' dir='ltr'>sibi</span> <span class='ocrx_word' id='word_1_186' title='bbox 347 1786 536 1836; x_wconf 87' lang='lat' dir='ltr'>persuasit</span> <span class='ocrx_word' id='word_1_187' title='bbox 562 1787 798 1838; x_wconf 87' lang='lat' dir='ltr'>Dionysium</span> <span class='ocrx_word' id='word_1_188' title='bbox 826 1788 865 1825; x_wconf 87' lang='lat' dir='ltr'>in</span> <span class='ocrx_word' id='word_1_189' title='bbox 894 1788 966 1826; x_wconf 90' lang='lat' dir='ltr'>hac</span> <span class='ocrx_word' id='word_1_190' title='bbox 994 1801 1034 1826; x_wconf 92' lang='lat' dir='ltr'>re</span> <span class='ocrx_word' id='word_1_191' title='bbox 1058 1801 1211 1833; x_wconf 85' lang='lat' dir='ltr'>errasse,</span> <span class='ocrx_word' id='word_1_192' title='bbox 1230 1792 1335 1826; x_wconf 87' lang='lat' dir='ltr'>ratus</span> <span class='ocrx_word' id='word_1_193' title='bbox 1356 1779 1522 1839; x_wconf 81' lang='grc' dir='ltr'>ὀλίγους</span> <span class='ocrx_word' id='word_1_194' title='bbox 1544 1786 1623 1835; x_wconf 91' lang='lat' dir='ltr'>(vel</span> 
     </span>
     <span class='ocr_line' id='line_1_26' title="bbox 241 1849 1620 1901; baseline -0.002 -13"><span class='ocrx_word' id='word_1_195' title='bbox 241 1849 287 1888; x_wconf 86' lang='grc' dir='ltr'>οὐ</span> <span class='ocrx_word' id='word_1_196' title='bbox 318 1850 511 1898; x_wconf 79' lang='grc' dir='ltr'>πολλοὺς)</span> <span class='ocrx_word' id='word_1_197' title='bbox 531 1849 767 1889; x_wconf 79' lang='grc' dir='ltr'>ἀπολέλοιπε</span> <span class='ocrx_word' id='word_1_198' title='bbox 793 1852 945 1901; x_wconf 84' lang='grc' dir='ltr'>λόγους</span> <span class='ocrx_word' id='word_1_199' title='bbox 964 1851 1208 1888; x_wconf 89' lang='lat' dir='ltr'>scribendum</span> <span class='ocrx_word' id='word_1_200' title='bbox 1236 1849 1343 1888; x_wconf 60' lang='lat' dir='ltr'>esse!</span> <span class='ocrx_word' id='word_1_201' title='bbox 1399 1851 1505 1896; x_wconf 89' lang='lat' dir='ltr'>Quae</span> <span class='ocrx_word' id='word_1_202' title='bbox 1533 1862 1620 1886; x_wconf 81' lang='lat' dir='ltr'>cum</span> 
     </span>
     <span class='ocr_line' id='line_1_27' title="bbox 244 1911 1621 1962; baseline -0.001 -13"><span class='ocrx_word' id='word_1_203' title='bbox 244 1913 298 1949; x_wconf 84' lang='lat' dir='ltr'>ita</span> <span class='ocrx_word' id='word_1_204' title='bbox 356 1912 434 1949; x_wconf 89' lang='lat' dir='ltr'>sint</span> <span class='ocrx_word' id='word_1_205' title='bbox 484 1913 663 1962; x_wconf 89' lang='lat' dir='ltr'>Dionysii</span> <span class='ocrx_word' id='word_1_206' title='bbox 714 1913 980 1951; x_wconf 87' lang='lat' dir='ltr'>testimonium</span> <span class='ocrx_word' id='word_1_207' title='bbox 1031 1913 1313 1951; x_wconf 84' lang='lat' dir='ltr'>dubitationem</span> <span class='ocrx_word' id='word_1_208' title='bbox 1375 1926 1449 1950; x_wconf 89' lang='lat' dir='ltr'>non</span> <span class='ocrx_word' id='word_1_209' title='bbox 1510 1911 1621 1949; x_wconf 88' lang='lat' dir='ltr'>tollit.</span> 
     </span>
     <span class='ocr_line' id='line_1_28' title="bbox 247 1974 1622 2026; baseline -0.001 -15"><span class='ocrx_word' id='word_1_210' title='bbox 247 1974 540 2012; x_wconf 58' lang='lat' dir='ltr'>WVilamowitzio</span> <span class='ocrx_word' id='word_1_211' title='bbox 553 1975 564 1993; x_wconf 85' lang='lat'>⁵</span> <span class='ocrx_word' id='word_1_212' title='bbox 594 1980 722 2014; x_wconf 87' lang='lat' dir='ltr'>tamen</span> <span class='ocrx_word' id='word_1_213' title='bbox 743 1975 951 2014; x_wconf 86' lang='lat' dir='ltr'>contradici</span> <span class='ocrx_word' id='word_1_214' title='bbox 977 1990 1054 2014; x_wconf 86' lang='lat' dir='ltr'>non</span> <span class='ocrx_word' id='word_1_215' title='bbox 1073 1982 1208 2026; x_wconf 87' lang='lat' dir='ltr'>potest,</span> <span class='ocrx_word' id='word_1_216' title='bbox 1229 1976 1435 2014; x_wconf 88' lang='lat' dir='ltr'>affirmanti</span> <span class='ocrx_word' id='word_1_217' title='bbox 1454 1975 1553 2012; x_wconf 90' lang='lat' dir='ltr'>nihil</span> <span class='ocrx_word' id='word_1_218' title='bbox 1583 1975 1622 2011; x_wconf 91' lang='lat' dir='ltr'>in</span> 
     </span>
     <span class='ocr_line' id='line_1_29' title="bbox 244 2037 1624 2086; baseline 0 -13"><span class='ocrx_word' id='word_1_219' title='bbox 244 2037 415 2086; x_wconf 88' lang='lat' dir='ltr'>antiquis</span> <span class='ocrx_word' id='word_1_220' title='bbox 436 2038 592 2086; x_wconf 86' lang='lat' dir='ltr'>judiciis</span> <span class='ocrx_word' id='word_1_221' title='bbox 619 2042 778 2083; x_wconf 86' lang='lat' dir='ltr'>exstare,</span> <span class='ocrx_word' id='word_1_222' title='bbox 798 2038 899 2075; x_wconf 92' lang='lat' dir='ltr'>unde</span> <span class='ocrx_word' id='word_1_223' title='bbox 925 2039 1152 2076; x_wconf 88' lang='lat' dir='ltr'>concludere</span> <span class='ocrx_word' id='word_1_224' title='bbox 1178 2039 1301 2081; x_wconf 87' lang='lat' dir='ltr'>liceat,</span> <span class='ocrx_word' id='word_1_225' title='bbox 1324 2038 1483 2076; x_wconf 88' lang='lat' dir='ltr'>Critiam</span> <span class='ocrx_word' id='word_1_226' title='bbox 1497 2038 1624 2086; x_wconf 87' lang='lat' dir='ltr'>justas</span> 
     </span>
     <span class='ocr_line' id='line_1_30' title="bbox 248 2099 1624 2150; baseline 0.001 -15"><span class='ocrx_word' id='word_1_227' title='bbox 248 2099 436 2137; x_wconf 84' lang='lat' dir='ltr'>orationes</span> <span class='ocrx_word' id='word_1_228' title='bbox 469 2099 692 2149; x_wconf 84' lang='lat' dir='ltr'>publicasse.</span> <span class='ocrx_word' id='word_1_229' title='bbox 748 2100 891 2138; x_wconf 83' lang='lat' dir='ltr'>Eodem</span> <span class='ocrx_word' id='word_1_230' title='bbox 926 2101 1033 2139; x_wconf 89' lang='lat' dir='ltr'>ducit</span> <span class='ocrx_word' id='word_1_231' title='bbox 1062 2101 1199 2139; x_wconf 90' lang='lat' dir='ltr'>titulus</span> <span class='ocrx_word' id='word_1_232' title='bbox 1229 2113 1337 2146; x_wconf 91' lang='lat' dir='ltr'>unus,</span> <span class='ocrx_word' id='word_1_233' title='bbox 1361 2101 1427 2150; x_wconf 90' lang='lat' dir='ltr'>qui</span> <span class='ocrx_word' id='word_1_234' title='bbox 1459 2104 1624 2137; x_wconf 81' lang='lat' dir='ltr'>aetatem</span> 
     </span>
     <span class='ocr_line' id='line_1_31' title="bbox 247 2161 1626 2214; baseline 0 -15"><span class='ocrx_word' id='word_1_235' title='bbox 247 2161 627 2214; x_wconf 65' lang='grc' dir='ltr'>ωΙίῦ-ὃημηγορικὰ</span> <span class='ocrx_word' id='word_1_236' title='bbox 648 2166 841 2214; x_wconf 80' lang='grc' dir='ltr'>προοίμια,</span> <span class='ocrx_word' id='word_1_237' title='bbox 861 2165 909 2201; x_wconf 89' lang='lat' dir='ltr'>ab</span> <span class='ocrx_word' id='word_1_238' title='bbox 930 2165 1170 2214; x_wconf 89' lang='lat' dir='ltr'>Hermogene</span> <span class='ocrx_word' id='word_1_239' title='bbox 1198 2165 1374 2202; x_wconf 87' lang='lat' dir='ltr'>laudata:</span> <span class='ocrx_word' id='word_1_240' title='bbox 1403 2177 1478 2200; x_wconf 90' lang='lat' dir='ltr'>non</span> <span class='ocrx_word' id='word_1_241' title='bbox 1500 2163 1626 2201; x_wconf 91' lang='lat' dir='ltr'>nescio</span> 
     </span>
     <span class='ocr_line' id='line_1_32' title="bbox 246 2225 1627 2279; baseline 0.003 -19"><span class='ocrx_word' id='word_1_242' title='bbox 246 2225 435 2263; x_wconf 89' lang='lat' dir='ltr'>rationem</span> <span class='ocrx_word' id='word_1_243' title='bbox 454 2238 531 2275; x_wconf 87' lang='lat' dir='ltr'>qua</span> <span class='ocrx_word' id='word_1_244' title='bbox 549 2238 644 2275; x_wconf 87' lang='lat' dir='ltr'>opus</span> <span class='ocrx_word' id='word_1_245' title='bbox 664 2230 1244 2279; x_wconf 51' lang='lat' dir='ltr'>commemoratur—nokhaxoii</span> <span class='ocrx_word' id='word_1_246' title='bbox 1263 2230 1320 2265; x_wconf 87' lang='grc' dir='ltr'>καὶ</span> <span class='ocrx_word' id='word_1_247' title='bbox 1341 2229 1379 2265; x_wconf 83' lang='grc' dir='ltr'>ἐν</span> <span class='ocrx_word' id='word_1_248' title='bbox 1399 2225 1627 2277; x_wconf 80' lang='grc' dir='ltr'>δημηγορικ-</span> 
     </span>
     <span class='ocr_line' id='line_1_33' title="bbox 249 2288 1628 2339; baseline 0 -14"><span class='ocrx_word' id='word_1_249' title='bbox 249 2292 309 2331; x_wconf 85' lang='grc' dir='ltr'>οῖς</span> <span class='ocrx_word' id='word_1_250' title='bbox 336 2288 780 2338; x_wconf 64' lang='lat' dir='ltr'>vrpooam&#39;occ—indicare</span> <span class='ocrx_word' id='word_1_251' title='bbox 808 2289 884 2326; x_wconf 89' lang='lat' dir='ltr'>alia</span> <span class='ocrx_word' id='word_1_252' title='bbox 911 2290 1053 2339; x_wconf 88' lang='lat' dir='ltr'>scripta</span> <span class='ocrx_word' id='word_1_253' title='bbox 1082 2290 1244 2327; x_wconf 85' lang='lat' dir='ltr'>oratoria</span> <span class='ocrx_word' id='word_1_254' title='bbox 1273 2289 1507 2338; x_wconf 89' lang='lat' dir='ltr'>Hermogeni</span> <span class='ocrx_word' id='word_1_255' title='bbox 1536 2295 1628 2325; x_wconf 86' lang='lat' dir='ltr'>nota</span> 
     </span>
     <span class='ocr_line' id='line_1_34' title="bbox 248 2349 1627 2400; baseline 0.001 -14"><span class='ocrx_word' id='word_1_256' title='bbox 248 2349 389 2387; x_wconf 85' lang='lat' dir='ltr'>fuisse:</span> <span class='ocrx_word' id='word_1_257' title='bbox 425 2350 525 2387; x_wconf 89' lang='lat' dir='ltr'>nihil</span> <span class='ocrx_word' id='word_1_258' title='bbox 555 2355 684 2388; x_wconf 87' lang='lat' dir='ltr'>tamen</span> <span class='ocrx_word' id='word_1_259' title='bbox 716 2363 784 2388; x_wconf 90' lang='lat' dir='ltr'>nos</span> <span class='ocrx_word' id='word_1_260' title='bbox 820 2351 995 2400; x_wconf 83' lang='lat' dir='ltr'>prohibet</span> <span class='ocrx_word' id='word_1_261' title='bbox 1024 2365 1100 2389; x_wconf 90' lang='lat' dir='ltr'>non</span> <span class='ocrx_word' id='word_1_262' title='bbox 1133 2351 1178 2389; x_wconf 92' lang='lat' dir='ltr'>de</span> <span class='ocrx_word' id='word_1_263' title='bbox 1212 2352 1457 2396; x_wconf 72' lang='lat' dir='ltr'>orationibus,</span> <span class='ocrx_word' id='word_1_264' title='bbox 1484 2351 1551 2388; x_wconf 89' lang='lat' dir='ltr'>sed</span> <span class='ocrx_word' id='word_1_265' title='bbox 1581 2351 1627 2387; x_wconf 85' lang='lat' dir='ltr'>de</span> 
     </span>
     <span class='ocr_line' id='line_1_35' title="bbox 249 2410 1629 2464; baseline 0 -14"><span class='ocrx_word' id='word_1_266' title='bbox 249 2410 450 2457; x_wconf 80' lang='grc' dir='ltr'>δικανικοῖς</span> <span class='ocrx_word' id='word_1_267' title='bbox 497 2415 715 2464; x_wconf 80' lang='grc' dir='ltr'>προοιμίοις</span> <span class='ocrx_word' id='word_1_268' title='bbox 762 2414 935 2463; x_wconf 86' lang='lat' dir='ltr'>cogitare.</span> <span class='ocrx_word' id='word_1_269' title='bbox 1011 2414 1117 2460; x_wconf 82' lang='lat' dir='ltr'>Quae</span> <span class='ocrx_word' id='word_1_270' title='bbox 1163 2415 1380 2463; x_wconf 87' lang='lat' dir='ltr'>conjectura</span> <span class='ocrx_word' id='word_1_271' title='bbox 1430 2418 1629 2462; x_wconf 87' lang='lat' dir='ltr'>propterea</span> 
     </span>
     <span class='ocr_line' id='line_1_36' title="bbox 249 2475 1630 2526; baseline 0.001 -15"><span class='ocrx_word' id='word_1_272' title='bbox 249 2475 370 2524; x_wconf 89' lang='lat' dir='ltr'>magis</span> <span class='ocrx_word' id='word_1_273' title='bbox 420 2475 569 2521; x_wconf 86' lang='lat' dir='ltr'>arridet,</span> <span class='ocrx_word' id='word_1_274' title='bbox 607 2477 708 2525; x_wconf 81' lang='lat' dir='ltr'>quod</span> <span class='ocrx_word' id='word_1_275' title='bbox 759 2476 965 2513; x_wconf 88' lang='lat' dir='ltr'>verisimile</span> <span class='ocrx_word' id='word_1_276' title='bbox 1006 2483 1074 2522; x_wconf 91' lang='lat' dir='ltr'>est,</span> <span class='ocrx_word' id='word_1_277' title='bbox 1112 2477 1438 2526; x_wconf 83' lang='lat' dir='ltr'>Thrasymachum</span> <span class='ocrx_word' id='word_1_278' title='bbox 1476 2489 1630 2526; x_wconf 88' lang='lat' dir='ltr'>quoque</span> 
     </span>
     <span class='ocr_line' id='line_1_37' title="bbox 250 2535 1630 2590; baseline 0 -14"><span class='ocrx_word' id='word_1_279' title='bbox 250 2535 418 2576; x_wconf 78' lang='grc' dir='ltr'>δικανικὰ</span> <span class='ocrx_word' id='word_1_280' title='bbox 439 2541 618 2590; x_wconf 77' lang='grc' dir='ltr'>προοίμια</span> <span class='ocrx_word' id='word_1_281' title='bbox 646 2539 792 2589; x_wconf 88' lang='lat' dir='ltr'>publici</span> <span class='ocrx_word' id='word_1_282' title='bbox 807 2539 906 2589; x_wconf 82' lang='lat' dir='ltr'>juris</span> <span class='ocrx_word' id='word_1_283' title='bbox 933 2539 1091 2578; x_wconf 82' lang='lat' dir='ltr'>fecisse.⁶</span> <span class='ocrx_word' id='word_1_284' title='bbox 1146 2540 1252 2586; x_wconf 84' lang='lat' dir='ltr'>Quae</span> <span class='ocrx_word' id='word_1_285' title='bbox 1278 2539 1480 2589; x_wconf 89' lang='lat' dir='ltr'>prooemia,</span> <span class='ocrx_word' id='word_1_286' title='bbox 1500 2539 1630 2589; x_wconf 89' lang='lat' dir='ltr'>qualia</span> 
     </span>
    </p>
   </div>
   <div class='ocr_carea' id='block_1_3' title="bbox 423 2652 1459 2697">
    <p class='ocr_par' dir='ltr' id='par_1_5' title="bbox 423 2652 1459 2697">
     <span class='ocr_line' id='line_1_38' title="bbox 423 2652 1459 2697; baseline 0 -10"><span class='ocrx_word' id='word_1_287' title='bbox 423 2655 433 2673; x_wconf 89' lang='lat'>¹</span> <span class='ocrx_word' id='word_1_288' title='bbox 449 2652 498 2687; x_wconf 82' lang='lat' dir='ltr'>Of.</span> <span class='ocrx_word' id='word_1_289' title='bbox 517 2652 674 2695; x_wconf 88' lang='lat' dir='ltr'>Aristoph.</span> <span class='ocrx_word' id='word_1_290' title='bbox 693 2653 750 2697; x_wconf 83' lang='lat' dir='ltr'>Eq.</span> <span class='ocrx_word' id='word_1_291' title='bbox 769 2657 840 2688; x_wconf 84' lang='lat'>851.</span> <span class='ocrx_word' id='word_1_292' title='bbox 1044 2658 1055 2673; x_wconf 80' lang='lat'><strong>²</strong></span> <span class='ocrx_word' id='word_1_293' title='bbox 1070 2655 1227 2697; x_wconf 87' lang='lat' dir='ltr'>Aristoph.</span> <span class='ocrx_word' id='word_1_294' title='bbox 1248 2654 1459 2693; x_wconf 57' lang='lat' dir='ltr'>leesm.‚426.</span> 
     </span>
    </p>
   </div>
   <div class='ocr_carea' id='block_1_4' title="bbox 420 2705 1502 2802">
    <p class='ocr_par' dir='ltr' id='par_1_6' title="bbox 420 2705 1502 2802">
     <span class='ocr_line' id='line_1_39' title="bbox 423 2705 1502 2750; baseline 0.001 -12"><span class='ocrx_word' id='word_1_295' title='bbox 423 2705 433 2720; x_wconf 75' lang='lat'><strong>³</strong></span> <span class='ocrx_word' id='word_1_296' title='bbox 452 2706 532 2739; x_wconf 75' lang='lat' dir='ltr'>Test.</span> <span class='ocrx_word' id='word_1_297' title='bbox 550 2707 628 2741; x_wconf 72' lang='lat' dir='ltr'>Ant.</span> <span class='ocrx_word' id='word_1_298' title='bbox 646 2708 681 2742; x_wconf 91' lang='lat' dir='ltr'>V.</span> <span class='ocrx_word' id='word_1_299' title='bbox 699 2711 728 2740; x_wconf 90' lang='grc'>4.</span> <span class='ocrx_word' id='word_1_300' title='bbox 1043 2712 1055 2729; x_wconf 88' lang='lat'><strong>⁴</strong></span> <span class='ocrx_word' id='word_1_301' title='bbox 1071 2708 1120 2742; x_wconf 82' lang='lat' dir='ltr'>Cf.</span> <span class='ocrx_word' id='word_1_302' title='bbox 1138 2709 1236 2748; x_wconf 85' lang='lat' dir='ltr'>Blass,</span> <span class='ocrx_word' id='word_1_303' title='bbox 1253 2720 1299 2750; x_wconf 74' lang='grc' dir='ltr'>ορ.</span> <span class='ocrx_word' id='word_1_304' title='bbox 1315 2708 1368 2740; x_wconf 77' lang='lat' dir='ltr'>cit.</span> <span class='ocrx_word' id='word_1_305' title='bbox 1386 2709 1410 2740; x_wconf 93' lang='lat' dir='ltr'>I.</span> <span class='ocrx_word' id='word_1_306' title='bbox 1430 2712 1502 2741; x_wconf 77' lang='lat'>245.</span> 
     </span>
     <span class='ocr_line' id='line_1_40' title="bbox 420 2759 1381 2802; baseline 0.001 -11"><span class='ocrx_word' id='word_1_307' title='bbox 420 2760 431 2777; x_wconf 88' lang='lat'>⁵</span> <span class='ocrx_word' id='word_1_308' title='bbox 447 2759 498 2794; x_wconf 85' lang='lat' dir='ltr'>Cf.</span> <span class='ocrx_word' id='word_1_309' title='bbox 516 2760 728 2800; x_wconf 87' lang='lat' dir='ltr'>Wilamowitz,</span> <span class='ocrx_word' id='word_1_310' title='bbox 746 2760 803 2795; x_wconf 79' lang='lat' dir='ltr'>loc.</span> <span class='ocrx_word' id='word_1_311' title='bbox 821 2760 872 2792; x_wconf 70' lang='lat' dir='ltr'>cit.</span> <span class='ocrx_word' id='word_1_312' title='bbox 1046 2760 1057 2777; x_wconf 72' lang='lat'>&#39;⁵</span> <span class='ocrx_word' id='word_1_313' title='bbox 1073 2761 1122 2795; x_wconf 79' lang='lat' dir='ltr'>Cf.</span> <span class='ocrx_word' id='word_1_314' title='bbox 1142 2762 1238 2802; x_wconf 71' lang='lat' dir='ltr'>Blass,</span> <span class='ocrx_word' id='word_1_315' title='bbox 1256 2761 1311 2795; x_wconf 77' lang='lat' dir='ltr'>Coc.</span> <span class='ocrx_word' id='word_1_316' title='bbox 1329 2761 1381 2792; x_wconf 76' lang='lat' dir='ltr'>cit.</span> 
     </span>
    </p>
   </div>
  </div>
 </body>
</html>
