1783 2968
903 232 953 269 46

226 341 328 375 esse.¹
387 337 495 374 Idem
524 337 742 374 observavit
762 337 826 373 vix
855 337 935 374 fieri
965 349 1084 386 posse,
1105 341 1148 373 ut
1168 336 1391 388 Respublica
1413 335 1616 374 Athenien-

225 402 320 437 sium
344 413 365 436 a
385 399 505 437 Critia
525 399 670 448 publici
687 399 786 448 juris
816 400 915 437 facta
935 403 1024 436 ante
1044 398 1214 436 Pollucis
1234 402 1398 437 aetatem
1420 398 1458 435 in
1481 410 1617 446 corpus

223 462 494 511 Xenophontis
524 461 752 510 scriptorum
784 462 952 499 venerit:
991 461 1182 498 Hadriani
1211 462 1313 498 enim
1342 465 1478 505 aetate,
1499 464 1542 497 ut
1570 472 1616 497 ex

226 524 428 561 Athenaeo
461 527 629 573 apparet,
662 523 804 561 Critiae
839 523 994 562 Politiae
1026 523 1118 560 satis
1153 527 1264 561 notae
1295 526 1427 561 erant.²
1493 523 1617 568 Quem

225 600 389 623 errorem
423 586 574 623 etiamsi
608 586 865 624 Alexandrini
903 586 1157 631 admisissent,
1186 585 1267 623 fieri
1305 598 1380 623 non
1419 585 1617 636 potuisset,

225 649 319 698 quin
353 648 557 698 sophistae,
586 649 653 697 qui
694 652 825 698 postea
857 652 1005 686 tantam
1039 661 1192 697 operam
1226 648 1265 685 in
1301 648 1441 685 Critiae
1475 647 1618 696 scripta

226 712 512 760 impendebant,
550 711 728 748 libellum
766 711 908 749 Critiae
946 711 1202 748 restituerent.
1274 710 1455 759 Denique
1493 722 1617 747 sermo

227 773 670 822 Pseudo-Xenophontis
708 774 802 810 adeo
839 773 1028 822 elegantia
1061 778 1174 817 caret,
1203 778 1247 810 ut
1280 773 1346 809 vix
1383 772 1429 810 de
1462 775 1617 809 auctore

225 836 467 885 perlitterato
484 836 731 885 cogitandum
751 836 826 873 sit.³
880 836 1058 873 Ceterum
1075 847 1191 884 quam
1207 835 1351 873 incerto
1369 834 1618 872 fundamento

227 899 320 936 haec
351 899 571 947 conjectura
599 899 756 943 nitatur,
782 911 830 935 ex
858 911 902 935 eo
931 898 1098 934 maxime
1127 903 1294 947 apparet,
1320 897 1422 946 quod
1450 896 1517 933 alii
1545 896 1619 932 viri

227 961 341 1004 docti,
360 960 528 998 similem
548 961 652 997 viani
672 960 893 1010 inquirendi
912 959 1082 1009 ingressi,
1103 973 1145 997 eo
1171 963 1438 1009 pervenerunt,
1459 964 1501 995 ut
1520 958 1619 995 alius

227 1022 499 1068 Alcibiadem,4
515 1023 614 1060 alius
630 1022 893 1072 Thucydidem
911 1022 1092 1060 Melesiae
1109 1022 1242 1067 filium,
1259 1022 1320 1060 vel
1337 1034 1456 1059 unum
1474 1034 1521 1058 ex
1536 1021 1618 1069 ejus

226 1083 508 1129 s·‹unilia1·ibus,⁵
558 1084 657 1122 alius
708 1084 971 1133 Phrynichum
1033 1084 1409 1133 Quadringentorum
1460 1082 1621 1119 ducem⁶

226 1146 701 1196 Pseudo-Xenophontem
722 1146 841 1184 fuisse
861 1149 1054 1184 statueret.

280 1210 416 1257 Neque
437 1222 526 1246 vero
546 1210 732 1258 majorem
752 1210 1020 1247 auctoritatem
1040 1209 1160 1247 altera
1180 1210 1462 1259 argumentatio
1490 1209 1620 1252 habet,

227 1286 303 1321 qua
343 1272 565 1309 Boeckhius
601 1272 822 1321 opinionem
861 1285 970 1310 suam
1003 1272 1174 1310 stabilire
1208 1272 1378 1310 studuit:
1421 1272 1618 1310 confessus

231 1336 335 1372 enim
367 1348 406 1372 se
437 1335 659 1372 testimonia
689 1335 850 1384 antiqua
881 1348 957 1372 non
988 1339 1076 1372 ante
1107 1335 1345 1373 consuluisse
1365 1348 1480 1384 quam
1508 1347 1618 1384 argu-

233 1398 373 1434 mentis
411 1398 523 1435 modo
561 1398 751 1443 refutatis,
788 1398 862 1435 sibi
900 1398 1099 1447 persuasit,
1139 1398 1299 1436 Critiam
1342 1398 1414 1436 sub
1451 1397 1619 1435 Pseudo-

231 1460 505 1508 Xenophontis
537 1473 696 1508 persona¹
727 1461 1012 1510 agnoscendum
1043 1473 1135 1505 esse,
1155 1474 1276 1497 unum
1309 1465 1462 1498 tantum
1492 1461 1619 1498 locum

232 1521 419 1559 adhibuit.
475 1522 632 1559 Etenim
651 1522 783 1560 Julius
814 1522 955 1560 Pollux
976 1522 1095 1560 tradit
1124 1523 1284 1561 Critian]
1307 1521 1532 1567 διαδικάζειν
1552 1535 1621 1572 pro

234 1583 268 1623 δί
300 1586 397 1623 ὅλου
426 1589 493 1622 τοῦ
513 1584 622 1630 ἔτους
652 1583 814 1629 δικάζειν
835 1585 1003 1630 dixisse?
1022 1586 1124 1634 quod
1156 1586 1341 1623 Boeckhii
1361 1586 1553 1623 sententia
1573 1586 1622 1622 ad

234 1647 337 1683 hunc
358 1646 800 1696 Pseudo-Xenophontis
821 1647 947 1685 locum
968 1651 1123 1697 spectat.
1181 1648 1277 1699 Φέρε
1300 1647 1337 1687 δὲ
1358 1650 1489 1687 τοίνυν
1509 1651 1622 1686 ταῦτα

235 1710 304 1747 οὐκ
338 1708 461 1748 οἴεσθε
500 1707 726 1754 διαδικάζειν
761 1710 933 1757 finam-113
975 1709 1113 1749 εἰπάτω
1149 1711 1228 1761 γάρ
1261 1728 1317 1755 τις
1352 1713 1408 1749 ὅτι
1443 1711 1488 1748 οὐ
1523 1717 1622 1761 χρῆν

232 1772 365 1810 αὐτόθι
397 1770 635 1815 διαδικάζειν·
666 1773 694 1809 εἰ
727 1770 759 1810 δ’
790 1772 838 1809 αὖ
868 1774 1082 1823 ὁμολογεῖν
1113 1770 1168 1810 δεῖ
1198 1772 1346 1810 ἅπαντα
1377 1778 1515 1824 χρῆναι
1545 1771 1622 1811 δια-

232 1833 407 1879 δικάζειν,
428 1833 576 1885 ἀνάγκη
604 1832 649 1873 δι’
679 1836 858 1872 ἐνιαυτοῦ·
889 1835 941 1879 ὡς
971 1833 1057 1873 οὐδὲ
1089 1838 1156 1873 νῦν
1190 1833 1234 1874 δι’
1263 1836 1432 1873 ἐνιαυτοῦ
1462 1833 1623 1875 διαδικά-

237 1896 371 1939 Zona-ec
404 1897 657 1945 ἐπαρκοῦσιν.8
713 1896 852 1933 Judice
888 1897 1079 1934 Boeckhio
1109 1895 1333 1940 διαδικάζειν
1367 1897 1437 1934 llOC
1471 1902 1622 1934 tantum

239 1958 432 2007 significat
473 1963 571 2007 “per
608 1958 764 2007 aliquod
806 1959 976 2007 spatium
1013 1960 1197 1997 continuo
1229 1960 1462 2009 judicare,”⁹
1500 1973 1624 2010 neque

240 2021 350 2057 illum
383 2021 553 2058 Pollucis
584 2034 741 2058 sensum
771 2021 854 2058 sine
874 2022 1148 2066 additamento,
1169 2022 1271 2071 quod
1302 2023 1469 2071 spatium
1491 2035 1621 2060 accur-

235 2084 337 2120 atius
369 2083 539 2127 definiat,
559 2084 755 2133 acquirere
789 2087 922 2132 potest.
982 2085 1118 2134 Itaque
1150 2097 1229 2122 rem
1261 2085 1364 2122 hunc
1394 2085 1433 2121 in
1467 2085 1622 2122 modum

236 2146 416 2194 expedire
436 2152 597 2183 conatus
618 2152 696 2184 est:
717 2147 847 2195 posuit
865 2148 1157 2195 grammaticum
1180 2148 1372 2196 quendam
1393 2148 1433 2184 in
1455 2148 1622 2185 Pseudo-

238 2208 507 2258 Xenophontis
541 2209 624 2246 loco
654 2209 946 2258 interpretando
978 2208 1023 2248 δι’
1050 2211 1220 2249 ἐνιαυτοῦ
1247 2208 1527 2255 διαδικάζοντες
1559 2223 1625 2260 per

278 2315 287 2333 ¹
307 2313 351 2344 Cf.
370 2314 583 2353 Wilamowitz,
596 2313 652 2345 loc.
669 2314 720 2345 cit.
768 2315 833 2345 Das
849 2315 889 2345 ist
904 2315 988 2345 einer
1004 2315 1057 2346 der
1069 2314 1213 2357 ’γνώριμοι
1226 2316 1281 2346 wie
1293 2316 1335 2346 sie
1347 2315 1395 2347 bei
1406 2315 1548 2356 Tanagra
1559 2316 1626 2346 ihre

237 2366 397 2406 Loyalit'at
414 2367 471 2397 mit
486 2366 556 2397 deni
574 2367 666 2398 Blute
684 2367 830 2407 besiegelt
846 2367 957 2398 haben.

279 2417 289 2432 '·'
306 2418 417 2458 Bergk.
436 2418 532 2451 Neue.
550 2418 662 2451 Jahrb.
681 2419 704 2458 f.
725 2419 812 2452 l’lcc'l.
832 2419 927 2452 LXV.
945 2423 1016 2453 393.

279 2469 290 2485 ³
306 2471 351 2502 Cf.
370 2470 667 2512 Miiller-Striibing,
686 2471 805 2505 l'ln‘lol.
824 2472 939 2513 Sappl.
957 2472 1016 2505 [ld.
1037 2473 1092 2507 IV.
1112 2475 1182 2506 111.

278 2524 291 2540 ⁴
308 2523 430 2564 Helbig.
448 2523 549 2557 Rhea,
567 2523 650 2557 Mus.
669 2525 737 2557 XV.
758 2527 829 2558 511.

280 2576 291 2593 ⁵
309 2576 352 2609 M.
371 2576 522 2617 Schmidt,
540 2575 713 2608 Memoiren
728 2577 811 2609 eines
829 2576 1020 2618 Oliqarclzen
1035 2589 1073 2609 Ζιι
1090 2577 1204 2612 Athen.

281 2627 293 2644 ⁶
310 2629 603 2670 Miiller-Striibing,
621 2630 676 2662 loc.
694 2630 746 2663 cic.
886 2632 898 2650 ⁷
914 2631 965 2663 Fr.
985 2633 1033 2662 19.
1165 2634 1178 2653 ⁸
1193 2631 1409 2665 Pseudo-Xen.
1427 2632 1491 2663 111.
1509 2636 1538 2665 6.

281 2682 293 2700 ⁹
309 2683 355 2713 Cf.
374 2682 508 2722 Thucyd,
529 2682 582 2715 VI.
601 2686 650 2716 91.
698 2688 753 2721 τῆς
770 2682 837 2715 ἀπὸ
861 2685 920 2717 τῶν
937 2683 1115 2725 ξυμμάχων
1133 2684 1273 2724 προσόδου
1289 2685 1375 2723 ἧσσον
1389 2684 1627 2728 διαφορουμένης

236 2736 296 2775 (is.
315 2734 449 2772 ὃιηνειιᾶς
466 2736 644 2779 φερουμὲνης
663 2737 777 2776 SchOl.)
822 2737 1118 2779 Miillel·-Stl·iibing‚
1134 2737 1191 2771 loc.
1210 2738 1262 2771 cil.
