1783 2968
827 224 876 264 55

216 330 352 379 Neque
398 332 526 366 tamen
572 328 843 366 Duemmlerus
890 328 930 365 in
978 326 1032 364 eis
1069 338 1167 376 quae
1205 325 1404 373 hucusque
1441 337 1541 361 com—

163 390 371 430 memoravi
408 390 608 441 acquievit.
682 391 784 428 Nam
821 389 894 428 sibi
932 389 1049 427 simili
1088 387 1235 426 ratione
1273 385 1462 436 persuasit
1503 398 1541 423 se

164 453 305 494 Critiae
352 453 514 504 vestigia
558 454 661 505 apud
707 454 913 492 Isocratem
960 465 1111 503 quoque
1158 449 1357 489 detexisse.
1415 449 1542 498 Atque

162 517 351 568 imprimis
379 518 507 556 locum
534 530 555 556 e
573 518 805 569 Paneyyrico
833 517 992 567 adlegat,
1013 516 1078 554 ubi
1100 513 1357 553 Athenienses
1385 512 1542 563 quidam

162 579 407 630 castigantur,
440 579 506 630 qui
535 593 594 618 res
622 593 644 618 a
671 579 844 630 patribus
871 592 938 629 per
965 579 1144 629 quintum
1183 576 1378 615 saeculum
1417 578 1542 625 gestas

162 642 355 692 despicere
383 643 464 681 ausi
504 643 643 681 scelera
677 656 699 680 a
731 642 871 692 populo
906 640 1201 679 Atheniensium
1235 642 1385 689 patrata
1413 651 1540 676 recen-

162 718 243 743 sere
271 706 453 749 solebant,
475 705 547 755 ipsi
575 711 704 742 autem
732 705 961 754 reipublicae
990 703 1171 753 praefecti
1200 702 1345 752 patriae
1373 701 1540 738 maxime

161 771 397 806 nocuerunt.¹
453 768 558 814 Quae
577 767 759 813 convicia,
775 772 819 805 ut
838 781 857 805 e
874 766 999 805 verbis
1019 766 1184 820 ᾑροῦντο
1200 764 1237 805 δὲ
1258 767 1334 804 τῶν
1357 764 1541 804 Εἱλώτων

162 833 215 869 ἑνὶ
250 832 314 880 (so.
351 830 577 882 Λυσάνδρῳ)
610 829 804 869 δουλεύειν
837 835 1004 879 apparet,
1032 830 1080 866 ad
1113 829 1254 866 scelera
1287 832 1539 877 tyrannorum

161 897 355 942 spectant:
396 894 497 930 unde
535 897 663 930 tamen
703 892 859 930 minime
897 892 1070 941 sequitur
1106 891 1281 928 libellum
1320 891 1367 927 ab
1405 903 1482 926 uuo
1520 902 1540 927 e

160 954 337 1004 tyrannis
358 955 613 1004 conscriptum
643 954 821 993 Isocratis
850 954 977 991 animo
1010 954 1252 991 obversatum
1281 965 1370 989 esse.
1427 951 1539 988 Nihil

161 1017 265 1055 enim
293 1030 362 1054 nos
382 1016 557 1066 prohibet
584 1017 811 1062 existimare,
831 1021 1017 1054 oratorem
1045 1028 1123 1053 non
1143 1015 1181 1052 in
1211 1018 1381 1052 mortuos
1401 1013 1538 1051 'invec-

160 1084 255 1126 tum,
271 1080 336 1118 sed
357 1080 483 1130 potius
503 1081 549 1118 de
569 1080 805 1118 sermonibus
822 1080 881 1117 vel
901 1079 1053 1129 scriptis
1069 1077 1286 1128 aequalium
1304 1076 1537 1127 cogitavisse.

161 1143 261 1180 Nam
309 1142 466 1180 minime
513 1146 570 1180 est
615 1142 876 1192 improbabile,
918 1142 1019 1191 quod
1066 1145 1195 1178 tamen
1235 1153 1304 1189 pro
1350 1139 1537 1189 probabili

160 1205 441 1250 Duemmlerus,
463 1206 670 1244 Isocratem
698 1205 790 1243 talia
818 1205 979 1243 crimina
1007 1205 1055 1242 ab
1084 1203 1307 1253 aequalibus
1336 1201 1536 1240 audivisse.

161 1268 304 1305 Versus
333 1268 436 1304 enim

313 1347 442 1390 μνῆμα
460 1338 538 1379 τόδ’
558 1341 630 1379 ἐστ’
650 1338 804 1392 ἀνδρῶν
823 1339 981 1391 ἀγαθῶν
1002 1338 1041 1378 οἳ
1058 1340 1126 1378 τὸν
1147 1339 1357 1389 κατάρατον

319 1401 440 1450 δῆμον
459 1403 673 1448 Ἀθηναίων
693 1405 836 1453 ὀλίγον
858 1403 1007 1454 χρόνον
1028 1401 1168 1453 ὕβριος
1186 1402 1332 1452 {exest

161 1474 338 1524 quamvis
376 1474 442 1513 vix
482 1474 522 1512 in
561 1475 762 1525 sepulchro
808 1474 992 1524 inscripti,
1033 1474 1242 1512 ostendunt
1288 1479 1540 1523 tyrannorum

161 1537 370 1575 sententias
399 1550 475 1574 non
498 1550 584 1575 cum
615 1537 819 1587 tyrannide
838 1537 1069 1586 exstirpatas
1089 1550 1180 1574 esse.
1236 1537 1343 1582 Quae
1371 1549 1460 1573 cum
1488 1536 1541 1573 ita

161 1600 239 1637 sint
267 1600 364 1637 nihil
403 1613 538 1638 causae
570 1600 755 1637 habemus
784 1613 852 1637 cur
883 1600 1082 1637 credamus
1113 1600 1293 1637 Isocratis
1331 1599 1539 1637 orationem

161 1667 241 1699 tam
271 1666 372 1699 arcte
400 1675 488 1700 cum
517 1662 693 1712 tyrannis
724 1662 946 1707 cohaesisse,
979 1669 1023 1699 ut
1055 1662 1294 1699 adversarius
1327 1662 1408 1710 ejus
1441 1662 1541 1699 inter

161 1724 261 1761 viros
281 1724 440 1773 triginta
458 1724 509 1761 sit
526 1725 774 1773 quaerendus.

214 1787 392 1841 Denique
421 1787 693 1825 Duemmlerus
722 1787 770 1825 ad
799 1786 939 1825 Critiae
960 1786 1238 1838 Rempublz'cam
1258 1786 1540 1825 Atheniensium

162 1849 335 1887 convicia
361 1850 487 1894 refert,
507 1863 604 1899 quae
632 1850 674 1887 in
703 1850 903 1888 Plutarchi
931 1850 1078 1888 Pericle
1107 1854 1270 1894 exstant,
1291 1849 1356 1887 ubi
1376 1849 1539 1886 Atheni-

162 1925 271 1950 enses
312 1912 478 1950 ludibrio
523 1913 724 1958 habentur,
760 1912 827 1963 qui
868 1925 972 1950 more
1014 1912 1163 1962 puellae
1204 1911 1371 1961 procacis
1408 1912 1538 1948 urbem

162 1975 350 2013 sociorum
370 1975 502 2025 spoliis
521 1975 790 2014 exornaverint
797 1978 824 2022 ;⁸
852 1979 956 2013 ratus
985 1976 1077 2013 haec
1096 1975 1296 2013 audaciora
1315 1987 1405 2019 esse,
1424 1987 1539 2023 quam

163 2050 261 2086 quae
289 2050 311 2074 a
338 2037 492 2075 comicis
521 2039 643 2086 poetis
672 2038 748 2075 dici
777 2037 984 2087 potuerint,
1012 2041 1128 2086 atque
1157 2037 1296 2074 idcirco
1325 2036 1540 2085 tyrannidis

161 2102 333 2148 tempore
352 2099 496 2148 publici
512 2099 610 2148 juris
630 2100 729 2137 sacta
748 2112 837 2137 esse.
894 2100 1080 2137 Attamen
1100 2099 1195 2138 mihi
1215 2099 1341 2147 potius
1361 2098 1540 2135 videntur

162 2161 255 2198 haec
284 2162 486 2210 opprobria
511 2161 642 2199 odium
670 2162 837 2200 redolere
856 2175 932 2212 quo
961 2162 1081 2211 ipsius
1110 2162 1267 2200 Periclis
1294 2162 1470 2211 aequales
1500 2163 1538 2199 in

162 2236 251 2261 eum
270 2227 362 2261 sunt
379 2223 544 2262 invecti:
570 2231 802 2274 quapropter
819 2224 861 2262 in
879 2225 1118 2262 Duemmleri
1138 2225 1283 2262 ratione
1302 2225 1539 2274 acquiescere

164 2298 239 2323 non
257 2298 422 2335 possum.

217 2348 355 2396 Itaque
385 2353 588 2397 postquam
620 2349 692 2386 viri
723 2349 934 2387 doctissimi
965 2354 1114 2386 tantam
1144 2362 1296 2398 operam
1327 2349 1367 2386 in
1399 2350 1540 2387 Critiae

162 2408 369 2460 Republica
398 2410 523 2448 denuo
553 2411 720 2449 eruenda
749 2416 788 2450 et
819 2411 1047 2449 illustranda
1075 2411 1371 2449 Atheniensium
1400 2412 1541 2450 frustra

164 2479 495 2522 consumpserunt,
514 2473 716 2522 prudentis
735 2478 803 2519 est,
824 2473 1008 2519 confiteri,
1027 2473 1125 2511 nihil
1152 2474 1199 2512 de
1218 2474 1288 2511 hac
1307 2487 1346 2512 re
1366 2476 1540 2524 cognosci

206 2577 216 2596 ¹
234 2576 328 2611 Iscoc.
348 2576 505 2621 Pamqyr.
522 2576 561 2620 ἐξ
579 2580 650 2619 110,
668 2580 738 2613 111.

205 2629 217 2645 ²
232 2629 278 2662 cf.
296 2630 509 2671 Wilamowitz,
526 2642 573 2673 op.
593 2631 645 2665 cit.
671 2632 696 2665 I.
716 2632 791 2665 177:
816 2632 904 2663 “Aes
926 2631 1066 2673 Zeuqnis
1080 2633 1143 2672 fic‘r
1164 2631 1215 2663 die
1237 2632 1423 2675 Stimmunq
1446 2634 1487 2665 ist
1510 2646 1541 2666 es

163 2681 390 2715 verwendbar.⁷’

207 2733 218 2749 ³
233 2733 315 2768 Plut.
333 2734 406 2770 Per.
425 2737 473 2769 12.
