1783 2968
928 252 975 289 13

314 360 409 408 (30.)
437 357 703 410 χορδοπώλης,
724 357 773 398 ὡς
795 357 954 408 Κριτίας
972 355 1238 405 livea—Poll.
1259 355 1350 393 ibid.
1371 354 1463 391 VII.
1486 353 1571 389 154.

319 449 409 498 (31.)
438 447 593 489 τούτους
612 447 642 485 δ’
663 448 728 496 (Sc.
749 446 835 488 τοὺς
853 446 954 498 ὅρνις
978 445 1294 498 πιπράσκοντας)
1313 440 1645 496 ὀρνιθοκαπήλους

265 510 427 562 Κριτίας
446 510 716 548 καλεῖ.-Ροίἰ.
736 510 825 546 ibid.
845 509 936 546 VII.
960 509 1043 548 197.

317 599 411 648 (32.)
440 596 490 636 τὰ.
519 597 550 636 δ’
571 596 715 649 ἐφεξῆς,
734 595 784 635 τὰ
811 596 882 646 μὲν
899 599 1070 635 πλεῖστα
1100 595 1262 647 Κριτίας
1290 594 1407 644 λέγει,
1428 591 1575 633 πολλοὶ
1605 591 1646 629 δὲ

264 660 329 698 καὶ
358 661 435 699 τῶν
452 662 610 709 μᾶλλον
638 659 757 698 αὐτοῦ
785 658 1014 710 κεκριμένων
1046 658 1116 706 τὴν
1145 658 1346 710 εὐφωνίαν·
1377 658 1645 708 χαλκοπῶλαι

265 722 534 775 σιδηροπῶλαι
573 723 861 774 λαχανοπῶλαι
905 720 1225 773 λαχανοπώλιδες
1264 718 1645 773 λαχανοπωλήτριαι

265 786 647 839 τυροπῶλαι.-Ροίἶ.
668 786 757 823 ibid.
777 785 867 822 VII.
891 786 975 822 196.

317 877 412 927 (33.)
440 879 519 918 τοῖς
538 875 577 914 δὲ
596 875 861 928 χρυσουρὙοῖς,
881 873 945 912 καὶ
965 872 1326 924 δακτυλιογλύφοις,
1341 871 1382 911 τὸ
1401 872 1522 922 ὄνομα
1540 869 1645 922 παρὰ

268 939 412 991 Κριτίᾳ
430 938 495 977 καὶ
515 937 863 977 Πλάτωνι.-Ροίί.
883 937 972 974 ibid.
993 937 1085 973 VII.
1110 937 1192 973 108.

319 1028 415 1077 (34.)
453 1028 644 1079 μυρεψός·
683 1026 848 1078 Κριτίας
890 1024 965 1077 ’γὰρ
1002 1023 1122 1066 οὕτως
1159 1022 1517 1073 ὠνόμασεν.-Ροίί.
1557 1023 1646 1060 ibid.

268 1090 358 1128 VII.
381 1090 465 1128 177.

321 1180 412 1230 (35.)
440 1176 814 1231 κεκρυφαλυπλόκος,
835 1176 885 1218 ὡς
914 1175 1075 1227 Κριτίας
1102 1174 1187 1227 ἔφη,
1207 1173 1458 1226 κεκρύφαλος,
1478 1180 1646 1225 κεκρυφ-

269 1242 540 1282 duom—Poll.
565 1242 653 1280 ibid.
673 1241 765 1278 VII.
788 1241 872 1281 179.

321 1332 414 1382 (36.)
444 1330 606 1382 Κριτίας
624 1328 676 1380 δὲ,
692 1328 754 1368 καὶ
773 1327 960 1380 ὀψωνίας,
975 1326 1037 1366 καὶ
1056 1329 1228 1377 ὀψωνεῖν
1247 1325 1331 1376 ἔφη·
1352 1325 1395 1364 τὸ
1415 1324 1456 1363 δὲ
1474 1324 1646 1375 ὀψωνεῖν

267 1394 331 1432 καὶ
349 1394 558 1445 ὀψονομεῖν
576 1392 930 1440 ὠνόμασεν.-Ροίἰ.
950 1391 1038 1427 ibid.
1062 1390 1127 1426 VI.
1150 1391 1207 1426 38.

322 1483 416 1532 (37.)
445 1481 508 1520 καὶ
527 1480 570 1520 τὸ
589 1480 792 1532 δίδραχμοι
811 1478 969 1517 ὁπλῖται
988 1476 1052 1515 καὶ
1070 1476 1273 1528 δίδραχμοι
1297 1478 1425 1527 πυροί·
1453 1478 1514 1514 καὶ
1543 1474 1650 1527 παρὰ

270 1546 415 1597 Κριτίᾳ
432 1544 850 1596 διδραχμιαῖοι.-Ροἰί.
871 1543 958 1579 ibid.
980 1542 1048 1578 IV.
1072 1543 1154 1578 165.

324 1634 418 1683 (38.)
447 1631 651 1685 ταχύχειρ,
672 1632 722 1674 ὡς
742 1630 1061 1684 Κριτίας.-Ροῖἰ.
1082 1628 1169 1667 ibid.
1191 1628 1242 1665 II.
1266 1628 1348 1665 148.

324 1723 418 1771 (39.)
447 1722 612 1773 Κριτίας
631 1720 671 1759 δέ
689 1720 762 1759 πού
781 1722 902 1770 φησιν
923 1719 943 1739 “
957 1718 1019 1756 ἐπὶ
1041 1719 1130 1765 τόγε
1149 1717 1211 1755 ἐπὶ
1232 1715 1274 1754 τὸ
1293 1714 1489 1767 χρηστοὺς
1517 1713 1649 1752 εἶναι.”

751 1783 842 1820 Poll.
862 1780 950 1819 ibid.
971 1781 1039 1817 VI.
1062 1780 1145 1817 195.
1201 1779 1256 1816 Cf.
1281 1778 1369 1816 Test.
1391 1778 1482 1815 Ant.
1507 1777 1540 1822 7,
1561 1779 1594 1814 8.

325 1873 419 1922 (40.)
450 1870 831 1918 Ἐπικωθωνίζεσθαι
856 1869 896 1908 δὲ
914 1868 957 1907 τὸ
977 1866 1189 1919 περαιτέρω
1208 1869 1331 1905 πίνειν
1351 1866 1513 1917 Κριτίας
1531 1864 1649 1914 λε’·γει.

1225 1930 1315 1967 Poll.
1336 1929 1425 1966 ibid.
1446 1929 1514 1966 VI.
1537 1930 1595 1965 31.
