1783 2968
882 217 930 254 23

216 322 453 373 colloquium
472 323 574 360 inter
593 322 789 360 Socratem
808 324 847 358 et
876 325 1127 371 tyrannorum
1147 320 1340 370 principes
1361 320 1528 358 maxima
1547 334 1592 358 ex

216 390 325 435 parte
345 398 421 423 non
441 398 463 422 a
483 385 606 423 Critia
625 384 691 422 sed
719 397 741 421 a
770 383 945 421 Charicle
974 384 1197 427 sustinetur,
1216 383 1272 419 ita
1291 387 1345 427 ut,
1365 383 1397 420 si
1418 396 1437 420 e
1457 396 1496 420 re
1516 388 1593 419 tam

215 448 295 485 levi
328 447 476 497 aliquid
508 447 683 497 colligere
715 445 840 490 liceat,
874 458 952 483 non
985 445 1130 483 minore
1164 444 1436 494 probabilitate
1471 445 1596 483 dicere

217 510 418 559 possimus,
450 509 611 548 Critiam
639 509 784 558 pudore
815 508 981 557 quodam
1012 508 1203 552 affectum,
1229 507 1424 556 loquentis
1455 521 1595 545 munus

215 572 383 611 Charicli
400 572 611 610 tradidisse.

266 635 446 673 Ceterum
477 647 579 672 nunc
609 634 872 684 quaerendum
901 638 960 671 est
979 646 1056 683 quo
1087 632 1247 671 consilio
1277 633 1416 671 Critias
1442 646 1595 683 operam

212 700 361 735 tantam
375 697 639 747 philosophiae
655 696 783 734 studio
798 695 954 733 dederit.
992 695 1283 744 Temperantiae
1297 694 1440 739 laudes,
1452 696 1594 745 quibus

212 772 326 809 opera
363 760 445 808 ejus
482 758 691 804 abundant,
719 758 813 796 satis
845 757 1065 802 ostendunt,
1095 770 1182 795 eum
1216 757 1388 807 magistri
1424 758 1593 796 indolem

212 822 324 861 valde
353 822 585 860 admiratum
615 834 705 859 esse.
763 821 927 859 Silentio
956 824 1087 858 tamen
1119 820 1293 858 Platonis
1324 821 1595 871 Xenophontis

207 885 398 935 judicium
418 884 674 929 confirmatur,
694 884 763 934 qui
783 887 898 933 negat
918 883 1080 921 Critiam
1100 895 1250 920 severos
1273 883 1439 921 Socratis
1461 896 1595 929 mores,

211 947 284 985 sibi
312 946 520 985 imitandos
548 959 732 996 umquam
763 945 1012 996 proposuisse.
1071 945 1176 991 Quae
1204 946 1245 983 in
1276 946 1490 984 Charmidea
1518 947 1594 984 dis-

212 1013 325 1059 putat
344 1009 602 1058 sophistarum
621 1009 706 1046 labe
732 1009 876 1045 infecta
902 1011 1003 1052 sunt,
1025 1020 1148 1057 neque
1168 1008 1409 1057 perspexisse
1431 1009 1594 1054 videtur,

212 1077 357 1122 quanto
409 1073 582 1110 Socrates
633 1072 711 1109 illis
760 1071 972 1120 sapientiae
1020 1071 1297 1120 professoribus
1347 1072 1592 1121 praestiterit.

212 1135 350 1183 Itaque
362 1134 647 1172 concedendum
660 1137 719 1171 est
734 1146 822 1171 eum
837 1133 956 1182 magis
970 1136 1124 1182 propter
1141 1133 1364 1170 dialecticae
1381 1134 1592 1171 novitatem

211 1209 326 1246 quam
355 1196 512 1234 virtutis
540 1195 743 1234 discendae
775 1207 891 1233 causa
924 1207 963 1233 se
998 1195 1142 1233 Socrati
1172 1195 1425 1245 applicuisse;
1464 1196 1593 1234 Xeno-

211 1258 346 1309 phonti
393 1262 525 1296 tamen
572 1271 650 1296 non
697 1258 839 1296 idcirco
888 1257 1064 1295 assentiri
1112 1258 1295 1295 debemus
1334 1259 1593 1304 contendenti,

212 1321 372 1359 Critiam
401 1321 490 1359 inde
518 1321 566 1358 ab
597 1321 710 1358 initio
737 1320 837 1358 nihil
870 1320 946 1358 nisi
974 1320 1148 1370 publicos
1181 1320 1342 1358 honores
1376 1321 1594 1371 eloquentia

212 1384 420 1434 captandos
440 1384 513 1422 sibi
533 1384 785 1434 proposuisse.
842 1383 976 1421 Potius
996 1386 1053 1420 est
1073 1383 1322 1421 statuendum
1342 1384 1502 1421 Critiam
1523 1384 1593 1422 hac

210 1460 249 1484 re
270 1459 298 1484 a·
316 1447 519 1484 Socraticis
546 1446 681 1484 ceteris
701 1446 929 1484 distinctum
956 1458 1047 1490 esse,
1068 1446 1171 1495 quod
1197 1446 1263 1484 ille
1291 1459 1457 1496 operam,
1476 1460 1592 1496 quam

210 1509 252 1546 hi
279 1509 543 1559 philosophiae
571 1509 639 1546 uni
667 1508 906 1553 dediderunt,
932 1508 1033 1545 inter
1061 1508 1184 1546 multa
1213 1513 1251 1546 et
1279 1510 1385 1547 varia
1414 1510 1593 1547 studia—

210 1573 406 1616 musicam,
449 1571 606 1621 poesim,
643 1571 883 1615 rhetoricam,
919 1570 1368 1620 philologiam—divisit.
1439 1573 1593 1610 Lallieri

210 1634 401 1673 sententia
439 1634 613 1672 Socrates
650 1633 782 1671 odium
819 1634 860 1671 in
897 1633 1121 1683 popularem
1158 1634 1394 1683 reipublicae
1432 1635 1592 1673 formam

211 1698 353 1736 Critiae
380 1697 610 1746 impertiitz¹
639 1697 740 1746 quod
768 1709 839 1734 nec
866 1708 1002 1746 negare
1030 1709 1100 1733 nec
1129 1696 1318 1735 affirmare
1347 1698 1481 1743 ausim,
1505 1711 1591 1736 cum

211 1760 376 1798 Socratis
404 1758 586 1808 discipuli
617 1759 682 1797 alii
717 1758 829 1796 aliter
857 1758 902 1796 de
932 1758 1128 1808 republica
1152 1759 1428 1807 judicaverint.
1484 1761 1591 1798 Non-

209 1821 309 1860 nulli
328 1821 442 1866 enim,
461 1821 521 1858 uti
541 1821 803 1871 Chaerephon,
821 1834 843 1858 a
863 1820 1109 1871 popularium
1129 1822 1304 1870 partibus
1324 1826 1472 1861 stetere.

263 1885 347 1930 Quo
367 1883 479 1920 modo
504 1884 592 1921 finis
613 1883 755 1921 Critiae
780 1889 819 1921 et
845 1883 1011 1921 Socratis
1038 1883 1296 1922 familiaritati
1321 1885 1446 1923 factus
1465 1886 1526 1931 sit,
1545 1899 1592 1923 ne

210 1960 287 1986 uno
307 1945 464 1996 quidem
484 1946 599 1983 verbo
620 1958 642 1983 a
662 1946 822 1984 Platone
841 1946 1043 1991 indicatur,
1067 1959 1192 1996 neque
1211 1947 1304 1985 satis
1325 1947 1425 1985 inter
1444 1960 1484 1986 se
1503 1961 1591 1986 con-

210 2010 355 2048 sistunt
369 2021 467 2059 quae
487 2009 704 2059 Xenophon
719 2009 765 2047 de
784 2009 857 2047 hac
876 2022 915 2047 re
935 2009 1062 2048 tradit.
1118 2010 1293 2048 Primum
1308 2011 1410 2049 enim
1430 2011 1592 2061 legimus

212 2072 372 2110 Critiam
393 2072 575 2109 continuo
595 2084 617 2109 a
637 2072 803 2111 Socratis
823 2072 1003 2110 societate
1022 2072 1069 2109 ad
1089 2073 1369 2122 rempublicam
1387 2074 1590 2123 gerendam

211 2135 438 2172 transiissef
487 2135 625 2184 Itaque
645 2147 732 2172 cum
753 2135 801 2172 ad
829 2134 1107 2184 rempublicam
1134 2148 1211 2172 non
1240 2138 1329 2173 ante
1349 2148 1494 2173 annum
1515 2137 1590 2173 415

211 2197 414 2234 accessisse
440 2197 625 2242 videatur,
645 2210 689 2235 eo
708 2197 886 2235 ducimur
905 2200 948 2234 ut
967 2201 1192 2242 statuamus,
1213 2198 1372 2236 Critiam
1398 2211 1520 2248 usque
1545 2200 1592 2236 ad

211 2259 283 2296 hoc
302 2263 455 2309 tempus
475 2259 578 2309 apud
597 2259 794 2298 Socratem
814 2260 1008 2298 mansisse.
1065 2260 1139 2298 Sed
1159 2260 1289 2310 paullo
1309 2260 1411 2298 infra
1429 2261 1593 2299 traditur

211 2322 327 2360 finem
347 2334 425 2360 non
451 2322 565 2372 longo
591 2322 794 2360 intervallo
820 2335 841 2360 a
868 2323 1010 2361 Critiae
1037 2323 1153 2360 exilio
1172 2323 1409 2373 disjunctum
1429 2337 1520 2369 esse,
1540 2325 1594 2362 ita

210 2388 255 2421 ut
291 2384 479 2422 terminus
519 2385 650 2434 paucis
688 2386 799 2423 annis
836 2389 1066 2435 prorogetur.
1137 2386 1287 2432 Quibus
1323 2386 1421 2424 illud
1458 2399 1593 2437 parum

210 2447 396 2495 congruit,
430 2447 532 2496 quod
571 2448 713 2486 Critiae
751 2460 884 2493 mores,
917 2449 1009 2486 dum
1055 2449 1221 2486 Socratis
1258 2449 1334 2486 fuit
1370 2449 1594 2499 discipulus,

210 2509 362 2546 honesti
382 2509 547 2548 fuerunt.
603 2511 706 2548 Nam
721 2523 768 2548 ex
784 2511 973 2549 Dioclidis
989 2511 1180 2549 delatione
1196 2511 1323 2549 elucet
1339 2512 1499 2549 Critiam
1512 2514 1593 2562 jam

210 2574 299 2608 ante
346 2584 491 2609 annum
527 2572 604 2609 415
654 2573 883 2622 participem
932 2573 1146 2611 Alcibiadis
1195 2574 1406 2623 impietatis
1455 2576 1597 2614 fuisse.³

468 2679 475 2696 ¹
491 2680 613 2722 Lallier,
631 2691 678 2723 op.
696 2682 747 2716 cit.
766 2686 816 2715 24.
1073 2685 1085 2702 ²
1099 2683 1179 2716 Xen.
1196 2683 1290 2716 Mem.
1311 2683 1336 2716 I.
1355 2688 1384 2723 2,
1403 2687 1451 2718 16.

466 2736 479 2754 ³
492 2732 573 2766 Xen.
589 2733 683 2767 Mem.
701 2735 727 2769 1.
744 2737 774 2776 2,
791 2737 841 2769 24.
880 2735 926 2768 Of.
943 2735 1064 2776 Lallier,
1081 2746 1128 2777 op.
1145 2736 1197 2769 cit.
1215 2738 1255 2769 57
1272 2747 1337 2778 sqq.
