1783 2968
898 242 919 275 ὅ

261 343 329 391 (6.)
358 343 542 384 ὡσαύτως
571 344 611 381 δὲ
639 350 744 392 λεγει
763 346 828 393 (sc.
852 344 1138 395 Ἐμπεδοκλῆς)
1159 346 1224 384 καὶ
1251 347 1341 398 περὶ
1369 347 1593 399 φρονήσεως

207 404 272 441 καὶ
300 404 468 453 ἀγνοίας·
523 405 566 444 τὸ
593 405 664 454 μὲν
681 405 757 457 γὰρ
777 409 931 458 φρονεῖν
949 406 1046 446 εἶναι
1073 411 1152 449 τοῖς
1171 407 1316 457 ὁμοίοις
1335 408 1378 447 τὸ
1398 409 1430 447 δ’
1446 410 1596 459 ἀγνοεῖν

207 469 287 508 τοῖς
316 467 532 519 ἀνομοίοις,
553 469 602 509 ὡς
620 468 645 517 ἢ
664 468 806 507 ταῦτον
824 468 848 517 ἢ
868 471 1152 522 παραπλήσιον
1180 470 1222 510 ὂν
1249 472 1296 521 τῇ
1316 471 1500 520 αἰσθήσει
1526 472 1597 520 τὴν

208 529 406 580 φρόνησιν·
448 530 797 582 διαριθμησάμενος
816 531 892 584 γὰρ
912 534 963 574 ὡς
989 533 1154 572 ἓκαστον
1173 534 1326 584 ἑκάστῳ
1353 536 1595 586 γνωρίζομεν,

207 591 270 630 ἐπὶ
289 591 392 631 τέλει
411 593 654 646 προσέθηκεν
668 594 718 636 ὡς
734 595 776 633 ἐκ
790 595 939 634 τούτων
954 596 1085 635 πάντα
1099 596 1334 647 πεπήγασιν,
1350 597 1597 649 ἁρμοσθέντα

207 654 272 692 καὶ
302 655 450 698 τούτοις
480 657 689 709 φρονέουσι
725 658 791 696 καὶ
823 658 981 698 ἅδονται
1019 660 1052 698 τ’
1087 661 1282 699 ἀνίωνται.
1354 659 1412 699 διὸ
1445 659 1510 698 καὶ
1541 661 1593 711 τᾷ

207 717 343 766 αἵματι
361 719 540 768 μάλιστα
560 723 723 772 φρονεῖν·
781 722 821 760 ἐν
840 721 964 773 τούτῳ
984 722 1059 775 γὰρ
1078 723 1259 772 μάλιστα
1278 723 1491 774 κεκρᾶσθαι
1510 723 1596 761 ἐστι

207 781 256 818 τὰ
276 786 456 834 στοιχεῖα
474 785 551 822 τῶν
567 786 1002 836 μερῶν.--]Ἰισο]1]ι7·α.ςί.
1027 787 1079 823 De
1102 786 1202 824 Sans.
1226 787 1276 823 II.
1301 788 1358 823 10.

260 867 329 914 (7.)
349 866 447 915 αἷμά
477 869 577 918 φησι
605 867 700 906 εἶναι
728 871 797 916 τῆν
815 867 956 920 ψυχὴν
976 869 1026 910 ὡς
1045 867 1314 918 Ἐμπεδοκλῆς
1334 867 1398 906 καὶ
1419 868 1593 920 Κριτίας.

927 936 1109 972 ——Galem
1133 936 1206 984 (ed.
1227 935 1368 984 Kuhn)
1389 935 1433 972 V.
1456 936 1540 973 283.

261 1034 329 1081 (8.)
361 1034 471 1070 Plato
509 1035 604 1071 dicit
640 1035 808 1071 animani
853 1035 1059 1071 essentiam
1104 1047 1143 1071 se
1186 1038 1405 1071 moventem
1460 1064 1468 1072 .
1523 1064 1531 1072 .

208 1095 458 1144 Empedocles
493 1102 531 1133 et
565 1097 704 1134 (jiitias
738 1097 1191 1146 sanguine111.Mac)0b
1220 1097 1270 1133 [η.
1303 1098 1423 1135 Somn.
1445 1097 1541 1146 δαίμ
1565 1097 1594 1135 l.

210 1158 279 1202 14„
300 1159 358 1195 20.

265 1256 327 1305 (9.)
359 1257 397 1293 N
400 1270 442 1294 oc
472 1257 559 1295 illos
586 1257 684 1295 solos
709 1257 794 1294 dico
818 1258 884 1306 qui
904 1270 988 1295 earn
1011 1257 1076 1306 (sc.
1098 1257 1284 1307 animam)
1305 1257 1351 1294 de
1377 1257 1594 1294 manifestis

210 1319 468 1368 corporalibus
495 1320 692 1369 effingunt,
714 1324 757 1356 ut
781 1320 1031 1369 Hipparchus
1057 1325 1095 1357 et
1121 1320 1342 1357 Heraclitus
1368 1333 1413 1357 ex
1442 1320 1530 1369 igni,
1551 1327 1595 1357 ut

210 1381 368 1430 Hippon
400 1386 439 1418 et
464 1380 607 1418 Thales
639 1395 684 1419 ex
712 1395 822 1431 aqua,
843 1386 886 1418 ut
919 1382 1169 1431 Empedocles
1201 1386 1239 1419 et
1265 1382 1404 1419 Critias
1434 1394 1481 1419 ex
1507 1395 1593 1419 san-

205 1444 541 1493 guine—Tertull.
562 1444 618 1481 De
637 1444 784 1481 Anima
807 1445 837 1481 5.

260 1543 352 1592 (10.)
397 1543 469 1580 Ille
504 1556 635 1580 versus
670 1543 813 1591 Orphei
848 1543 909 1580 vel
948 1542 1192 1591 Empedoclis
1229 1543 1407 1591 Namque
1445 1543 1593 1580 homini

206 1606 361 1654 sanguis
381 1606 704 1642 circumcordialis
725 1611 782 1642 est
802 1604 1160 1643 sensus—Tertull.
1181 1605 1235 1641 De
1255 1606 1402 1642 Anima
1425 1607 1480 1643 15.

260 1705 352 1753 (11.)
387 1703 653 1752 Ἐμπεδοκλῆς
679 1720 720 1742 τε
739 1704 839 1742 οὕτω
867 1704 1055 1756 φαίνεται,
1076 1703 1125 1745 ὡς
1144 1703 1307 1755 ὀργάνου
1325 1703 1418 1756 πρὸς
1437 1703 1594 1743 σύνεσιν

206 1769 274 1804 τοῦ
293 1767 456 1815 αἵματος
475 1767 593 1812 ὄντος,
611 1766 739 1816 λέγειν

363 1860 525 1910 αἵματος
545 1861 585 1899 ἐν
603 1862 825 1909 πελάγεσσι
844 1858 1085 1911 τεθραμμένη
1106 1858 1371 1911 ἀντιθόροντος

364 1932 410 1977 τῇ
431 1945 472 1966 τε
493 1930 617 1977 νόημα
634 1931 813 1977 μάλιστα
832 1931 1085 1966 κυκλίσκεται
1105 1927 1377 1979 ἀνθρώποισιν·

364 1991 462 2040 αἷμα
480 1990 555 2043 γὰρ
576 1991 793 2042 ἀνθρώποις
812 1990 1059 2042 περικάρδιόν
1079 1990 1165 2028 ἐστι
1184 1989 1317 2039 νόημα.

706 2056 940 2103 -ΙὌΙῬΙιφι
962 2055 1066 2103 apud
1085 2054 1178 2091 δῖοί).
1199 2054 1275 2091 Eeb.
1298 2054 1404 2102 Phys.
1428 2054 1538 2091 1026.

260 2149 355 2198 (12.)
384 2148 636 2198 Empedocles
656 2149 907 2198 principalem
929 2148 1079 2186 animae
1101 2148 1177 2184 vim
1200 2148 1402 2186 constituit
1421 2148 1460 2185 in
1481 2149 1592 2185 corde

205 2212 260 2249 sic
280 2213 421 2256 dicens,
441 2212 627 2261 sanguine
647 2212 770 2248 cordis
791 2212 894 2248 enim
922 2216 1051 2248 noster
1071 2211 1174 2260 viget
1192 2210 1591 2248 intellectus—Olea&

203 2276 332 2312 cz‘dz'us.
357 2275 489 2312 Comm.
511 2277 570 2312 ad.
596 2275 787 2312 Timaeum
807 2287 841 2324 p.
864 2275 949 2312 305.

630 2391 675 2427 V.
707 2391 768 2426 DE
799 2391 938 2427 Cium
967 2389 1164 2426 ORATORE.

258 2474 326 2522 (1.)
344 2474 448 2510 Huic
461 2473 578 2510 aetati
591 2473 774 2522 suppares
789 2472 1019 2516 Alcibiades,
1029 2471 1179 2514 Critias,
1188 2470 1591 2519 Theramenesquibus

204 2541 443 2590 temporibus
469 2541 572 2590 quod
600 2540 754 2577 dicendi
779 2552 900 2589 genus
925 2538 1090 2588 viguerit
1110 2551 1154 2575 ex
1184 2537 1401 2586 Thucydidi
1427 2538 1591 2587 scriptis,

205 2609 271 2657 qui
292 2610 372 2658 ipse
394 2615 474 2645 tum
499 2609 584 2653 fuir,
605 2609 779 2657 intellegi
799 2609 968 2645 maxime
988 2611 1131 2656 potest:
1156 2606 1318 2655 grandes
1338 2611 1446 2642 erant
1466 2607 1591 2644 verbis

203 2678 324 2714 crebri
354 2678 568 2722 sententiis,
588 2677 870 2726 compressione
896 2689 1023 2713 reruni
1052 2676 1197 2719 breves,
1217 2680 1254 2712 et
1280 2675 1328 2711 ob
1354 2687 1435 2712 eam
1466 2675 1589 2725 ipsam

200 2759 353 2784 causam
373 2745 569 2783 interdum
590 2745 957 2784 subobscuri—Cio.
979 2745 1086 2781 Brut.
1111 2743 1135 2794 ξ
1158 2744 1215 2780 29.
