1783 2968
898 219 946 256 56

227 336 346 373 posse.
416 323 506 361 Non
535 321 659 361 ausim
688 336 824 373 negare
854 322 1015 362 Critiam
1053 324 1141 373 plus
1168 336 1285 374 quam
1322 324 1417 362 duas
1454 324 1616 362 Potitius

227 386 520 436 conscripsisse:
549 386 621 423 hoc
649 389 781 423 tamen
809 398 1033 435 persuasum
1060 387 1182 424 habeo
1214 386 1416 424 scientiam
1444 391 1614 425 nostram

227 448 371 487 libellis
400 448 447 486 de
479 448 789 487 Lacedaemoniis
818 453 857 486 et
889 448 1081 487 Thessalis
1110 461 1192 486 esse
1220 448 1427 486 definitam.
1483 450 1614 498 Atque

227 525 266 550 re
297 523 387 549 vera
415 510 576 551 minime
605 514 664 549 est
692 510 945 561 improbabile
973 511 1068 551 duos
1096 515 1250 550 tantum
1278 511 1428 550 libellos
1456 510 1616 550 consilio

228 573 454 612 Politiarum
473 572 676 612 suffecisse.
732 573 834 612 Nam
863 586 1050 624 ponamus
1074 579 1261 624 tanquam
1284 586 1480 612 summum
1498 573 1614 611 finem

227 636 267 674 in
287 649 400 687 opere
428 648 498 674 suo
526 635 725 674 condendo
754 635 918 675 Critiam
946 636 1019 675 sibi
1048 635 1289 686 proposuisse
1318 635 1614 685 descriptionem

227 703 265 737 et
313 698 639 748 comparationem
683 698 847 736 duarum
885 698 1099 744 civitatum,
1135 710 1299 748 quarum
1342 698 1443 736 bona
1486 698 1619 744 altera,

229 761 415 799 nimirum
443 759 845 806 Lacedaemoniorum,
864 761 984 799 altera
1003 761 1114 807 mala,
1133 760 1317 799 nimirum
1337 761 1617 807 Thessalorum,

227 828 348 862 esset:
372 825 455 874 jam
483 828 528 861 ut
556 823 646 861 talis
675 824 800 874 operis
828 823 1035 874 imaginem
1063 823 1233 873 aliquam
1253 824 1390 862 saltem
1420 823 1529 861 nobis
1557 823 1615 861 in-

228 887 394 924 formare
413 886 614 937 possimus,
631 886 741 936 quasi
761 886 917 936 speculo
932 886 1096 936 quodam
1118 885 1176 924 uti
1195 885 1286 924 licet
1304 885 1423 924 simili
1442 885 1617 925 Platonis

228 961 355 999 opere,
375 949 478 999 quod
513 949 655 988 Critias
683 948 910 987 inscribitur
927 947 995 987 ubi
1015 948 1192 989 Athenae
1220 952 1259 987 et
1288 947 1462 987 Atlantis
1481 948 1615 987 eodem

228 1012 341 1050 modo
368 1011 470 1050 inter
496 1025 537 1050 se
565 1012 808 1062 respondent.
865 1010 972 1058 Quae
998 1012 1155 1062 profero,
1176 1024 1253 1049 non
1283 1016 1326 1049 ut
1354 1011 1509 1049 doceam
1537 1024 1617 1049 rem

226 1075 283 1113 ita
310 1088 351 1113 se
379 1074 570 1120 habuisse,
597 1075 664 1113 sed
693 1078 736 1113 ut
761 1074 992 1124 conjecturis
1020 1074 1067 1113 de
1097 1074 1302 1126 Republica
1331 1074 1612 1114 Atheniensium

227 1138 417 1176 rationem
438 1150 514 1175 non
535 1136 663 1175 minus
683 1137 920 1188 probabilem
941 1150 1142 1187 opponam.

283 1201 402 1251 Spero
434 1213 478 1238 ea
510 1212 609 1250 quae
642 1200 689 1238 de
722 1199 883 1251 singulis
922 1199 1063 1238 Critiae
1100 1199 1210 1238 libris
1247 1199 1443 1249 disputavi
1481 1199 1615 1238 lectori

230 1275 458 1313 persuasura
477 1275 569 1309 esse,
590 1275 690 1309 eum,
709 1261 741 1301 si
763 1275 839 1301 non
859 1262 906 1301 de
926 1261 1063 1313 patria,
1082 1262 1129 1301 de
1148 1261 1292 1300 Atticis
1320 1261 1459 1301 litteris
1478 1262 1615 1301 saltem

229 1326 329 1363 bene
357 1325 539 1363 meritum
568 1337 659 1363 esse.
715 1324 871 1363 Etenim
899 1328 1100 1375 propterea
1129 1323 1386 1363 memorabilis
1414 1328 1483 1370 est,
1515 1324 1619 1374 quod

231 1388 400 1426 Socratis
440 1392 479 1426 et
517 1387 778 1437 sophistarum
806 1386 1051 1436 disciplinam
1090 1391 1171 1425 tam
1199 1391 1301 1425 arcte
1329 1387 1532 1436 conjunxit
1570 1392 1614 1424 ut

232 1451 345 1489 modo
365 1449 606 1489 Socraticus¹
627 1450 739 1488 modo
758 1449 949 1500 sophistes
968 1453 1232 1499 nuncupetur:
1257 1463 1333 1499 qua
1353 1449 1393 1487 in
1414 1463 1452 1487 re
1472 1463 1615 1487 morem

232 1526 324 1551 suae
357 1511 494 1551 aetatis
527 1515 797 1562 repraesentat.
863 1512 920 1550 At
951 1511 984 1550 si
1016 1511 1103 1562 quis
1136 1511 1291 1562 tyranni
1325 1511 1620 1561 scelera—quae

232 1589 304 1614 nec
333 1574 488 1613 defendi
519 1587 590 1613 nec
618 1573 1111 1624 condonavi—indignatus
1140 1573 1238 1612 nihil
1265 1573 1390 1612 laudis
1410 1574 1617 1612 concedere

234 1638 338 1684 velit,
359 1637 399 1675 in
419 1636 605 1675 memoria
624 1640 753 1675 teneat
782 1650 831 1683 se,
851 1649 928 1674 non
947 1636 1043 1675 mihi
1064 1636 1131 1675 sed
1158 1636 1282 1687 primo
1301 1640 1338 1675 et
1368 1636 1615 1687 praestantis-

234 1701 331 1740 simo
352 1700 495 1739 Critiae
509 1700 709 1746 laudatori,
728 1699 802 1750 ipsi
822 1699 988 1746 Platoni,
1006 1699 1121 1738 fidem
1141 1713 1286 1751 negare.

278 1806 286 1823 ¹
303 1810 330 1839 ol
345 1806 414 1851 περί
431 1808 564 1850 Κριτίαν
579 1807 638 1839 καὶ
650 1805 823 1842 Ἀντισθένη
839 1808 896 1838 nal
911 1807 1098 1844 Ξενοφὸντα
1114 1810 1310 1850 zazecca-mot,
1331 1805 1410 1839 Tesst.
1428 1806 1505 1839 Ant.
1521 1806 1559 1840 V.
1576 1808 1605 1839 5.
