1783 2968
843 302 890 337 18

165 408 450 454 pentametrum
465 418 587 443 unum
602 406 751 443 iambos
767 406 972 444 nonnullos
987 406 1144 444 incertis
1159 419 1206 444 ex
1220 406 1361 444 fabulis
1375 406 1416 443 in
1429 407 1555 444 Flori-

166 465 300 514 leyium
330 465 490 515 recepit:
502 468 514 487 ¹
543 465 783 516 Philoponus
814 478 1006 504 summam
1039 466 1314 516 disputationis
1346 466 1393 505 de
1426 467 1556 504 anima

165 527 207 565 in
241 528 526 566 Commentaria
555 528 756 567 transtulit
768 532 795 567 ε’
833 529 1057 568 scholiastes
1090 542 1242 579 quoque
1279 529 1319 567 in
1358 529 1556 579 Euripidis

165 591 417 642 Hippolytum
460 604 584 641 pauca
622 604 643 630 e
681 592 803 630 Critia
847 592 982 630 affert.³
1047 591 1199 630 Ultima
1242 591 1404 642 vestigia
1448 584 1551 642 apu'd

166 654 433 692 Eustathium⁴
454 658 492 692 et
504 654 724 693 Maximum
741 655 976 693 Planudem⁶
991 655 1244 705 reperiuntur.
1293 655 1378 701 Qua
1398 654 1554 692 fortuna

166 716 311 754 Critiae
331 717 474 767 scripta
494 722 626 767 postea
647 731 716 755 usa
736 718 815 755 sint
833 730 988 767 prorsus
1008 718 1198 755 incertum
1219 721 1285 755 est.

219 780 278 817 Ex
293 780 354 818 his
375 780 608 819 testimoniis
623 784 783 831 apparet
799 781 960 819 Critiam
975 780 1148 830 quinque
1163 779 1299 818 saltem
1315 792 1429 829 opera
1444 792 1555 829 prosa

166 844 337 881 oratione
357 843 638 892 conscripsisse,
652 844 794 893 quibus
815 845 973 881 fortasse
993 843 1265 880 commentatio
1285 842 1490 891 peculiaris
1507 841 1554 878 de

166 905 296 943 anima
315 905 488 943 accessit.

211 971 236 1000 1.
264 971 432 1002 Πολιτεῖαι

294 1022 342 1062 (αι)
367 1020 619 1063 Λακεδαιμονίων

296 1076 341 1116 (β)
369 1077 547 1109 Θετταλῶν

210 1132 237 1161 2.
261 1127 413 1169 Ὀμιλίαι

209 1185 238 1213 3.
262 1179 446 1223 Ἀφορισμόι

208 1236 236 1265 4.
264 1234 474 1277 Δημηγορικοὲ
490 1232 638 1276 προοίμια

209 1291 236 1320 5.
264 1287 338 1331 Περὶ
358 1286 469 1325 φύσεως
484 1287 588 1329 ἔρωτος
603 1284 622 1323 ἢ
637 1285 759 1328 ἐρώτων.

166 1341 297 1390 Atque
317 1354 394 1390 quo
415 1340 535 1390 magis
566 1339 774 1377 dolendum
806 1342 865 1375 est
895 1337 996 1387 quod
1028 1337 1069 1373 hi
1100 1336 1188 1373 libri
1218 1347 1341 1385 usque
1371 1335 1420 1372 ad
1451 1335 1553 1384 frag-

167 1408 296 1441 menta
326 1404 534 1453 perexigua
563 1402 769 1451 perierunt,
789 1413 833 1439 eo
859 1399 1084 1449 diligentius
1113 1398 1295 1447 reliquias
1323 1398 1555 1447 perscrutari

167 1466 361 1511 debemus,
377 1478 426 1502 ne
447 1465 593 1514 aliquid
615 1477 684 1502 nos
704 1464 836 1512 fugiat,
852 1462 956 1512 quod
975 1462 1036 1499 vel
1057 1461 1178 1510 ipsius
1195 1461 1336 1498 Critiae
1355 1460 1554 1509 ingenium

166 1521 229 1567 vel
256 1529 474 1566 litterarum
497 1528 716 1565 Atticarum
746 1526 945 1564 historiam
975 1525 1167 1561 illustrare
1187 1523 1316 1572 possit.
1374 1522 1449 1560 Sed
1477 1535 1555 1559 non

167 1595 256 1628 ante
288 1591 433 1639 scripta
467 1595 567 1627 recte
596 1589 771 1638 judicare
805 1587 1015 1637 poterimus
1044 1598 1160 1634 quam
1194 1597 1316 1634 pauca
1348 1584 1395 1622 de
1428 1584 1552 1633 ipsius

167 1653 364 1702 scriptoris
393 1652 547 1702 ingenio
577 1651 793 1699 studiisque
812 1650 954 1699 quibus
972 1648 1146 1687 eruditus
1166 1651 1224 1685 est
1252 1646 1553 1696 cognoverimus.

339 1759 348 1777 1
366 1754 451 1785 Stob.
466 1752 618 1794 Floriley.
636 1751 706 1792 (Ed.
725 1751 895 1791 Meineke),
913 1751 937 1782 Ι.
956 1753 1028 1789 265,
1041 1751 1113 1789 342,
1132 1748 1176 1780 ΙΙ.
1194 1751 1223 1789 2,
1237 1748 1300 1780 ΙΙΙ.
1319 1749 1390 1780 207.

338 1807 349 1823 ²
368 1806 447 1837 Test.
466 1806 542 1836 Ant.
559 1805 613 1836 IV.
632 1807 660 1835 4.
961 1804 971 1819 ³
987 1803 1039 1833 Fr.
1058 1804 1106 1834 13.

340 1857 352 1875 ⁴
367 1859 419 1890 Fr.
436 1861 465 1891 6.
952 1855 964 1872 ⁵
984 1854 1064 1886 Text.
1083 1853 1159 1886 Ant.
1179 1853 1234 1885 IV.
1254 1855 1302 1885 12.
