1783 2968
858 210 879 245 [0

540 314 732 363 Dropides

542 439 682 477 Critias
703 439 845 477 Flavus

542 563 808 602 Callaeschrus

542 692 682 730 Critias
703 693 904 743 Tyrannus

225 779 412 815 Attamen
443 776 682 815 Odofroedus
711 777 925 815 Muellerus
943 778 1153 816 rectissime
1182 779 1333 816 monuit
1352 780 1556 817 Platonem

174 840 335 878 Critiam
359 840 504 877 flavum
530 852 618 877 cuni
646 840 766 877 Critia
789 840 918 885 altero,
938 840 986 878 ab
1005 841 1247 878 Anacreonte
1267 845 1404 886 amam,
1425 842 1557 879 confu-

172 903 281 940 disse.
338 903 439 939 Nam
473 902 735 951 persipicuum
769 907 827 940 est
859 903 935 940 duo
968 903 1124 940 nomina
1158 916 1234 940 non
1267 904 1361 941 satis
1395 917 1476 942 esse
1511 905 1559 941 ad

172 965 341 1015 spatium
379 965 480 1002 inter
517 965 729 1014 Dropidam
768 969 807 1002 et
844 965 1005 1003 Critiam
1048 966 1272 1015 Tyrannum
1310 966 1555 1016 explendum.

175 1029 346 1065 Stemma
384 1028 502 1077 igitur
534 1040 555 1064 a
588 1027 748 1064 Platone
782 1028 1017 1077 descriptum
1055 1028 1362 1066 emendationem
1400 1029 1558 1078 flagitat,

173 1095 408 1140 quapropter
438 1090 625 1127 Lallierus
656 1095 694 1127 et
725 1090 1002 1135 Schleicherus,
1031 1091 1265 1128 Muellerum
1298 1092 1452 1140 sequuti
1483 1091 1558 1129 duo

173 1153 330 1190 nomina
349 1166 368 1189 e
388 1153 606 1201 conjectura
625 1152 908 1200 interjecerunt,
928 1157 967 1190 et
985 1153 1089 1190 hunc
1108 1153 1280 1190 ordinem
1301 1158 1531 1202 proponunt.

542 1246 734 1294 Dropides
756 1246 785 1283 Ι.

545 1371 685 1408 Critias
705 1372 848 1409 Flavus

546 1502 738 1551 Dropides
761 1503 812 1539 11.

549 1627 688 1664 Critias
709 1627 756 1663 ab
777 1627 1019 1664 Anacreonte
1040 1631 1191 1664 amatus

546 1753 811 1790 Callaeschrus

547 1880 687 1917 Critias
708 1881 910 1929 Tyrannus

232 1973 305 2012 Cui
336 1973 477 2010 rationi
508 1985 576 2022 pro
606 1985 691 2010 mea
722 1976 830 2022 parte
860 1973 1056 2011 assentior.
1115 1974 1170 2011 Cf.
1197 1974 1238 2011 Ο.
1267 1974 1443 2012 Mueller.
1501 1975 1566 2011 Gr.

178 2037 250 2074 Lit.
273 2036 302 2073 Ι.
325 2036 410 2073 304.
466 2035 621 2084 Lallier,
641 2048 675 2084 p.
700 2036 757 2073 12.
813 2035 1028 2086 Βοῆἶείοῖιθν,
1048 2048 1082 2085 p.
1101 2037 1132 2073 6.

231 2120 299 2168 (5.)
329 2118 416 2156 οὐδὲ
433 2117 509 2169 ’γὰρ
530 2118 575 2157 ἄν
593 2135 680 2164 που,
701 2118 735 2157 εἰ
753 2118 941 2170 ἐτύγχανε
960 2118 1138 2170 νεώτερος
1166 2117 1227 2165 ὧν,
1246 2119 1417 2172 αἰσχρὸν
1444 2119 1492 2158 ἂν
1518 2119 1566 2168 ἣν

178 2181 284 2232 αὐτῷ
298 2182 364 2229 (SC.
381 2179 580 2232 Χαρμίδῃ)
597 2179 851 2230 διαλέγεσθαι
867 2181 957 2230 ἡμῖν
971 2180 1141 2220 ἐναντίον
1154 2197 1199 2230 «γε
1213 2183 1286 2219 σοῦ
1303 2183 1368 2231 (sc.
1389 2181 1566 2234 Κριτίου)

179 2242 393 2295 ἐπιτρόπου
412 2259 454 2281 τε
473 2242 554 2292 ἅμα
573 2242 637 2281 καὶ
657 2243 824 2294 ἀνεψιοῦ
842 2243 1115 2285 &mom—Pla&
1139 2244 1285 2282 Clcccrm.
1308 2246 1422 2283 155A.
1452 2277 1456 2280 .

207 2369 259 2405 ΙΙ.
281 2367 345 2404 ΒΕ
364 2367 498 2403 Rfflms
521 2376 543 2403 A
564 2366 704 2404 Cmrm
724 2377 766 2404 m
787 2367 1013 2404 REPUBLICA
1033 2368 1373 2405 ADMINISTRANDA
1393 2368 1547 2406 GEsrls.

236 2462 302 2511 (1.)
331 2460 430 2511 Φέρε
449 2458 494 2507 δὴ
520 2459 585 2498 καὶ
613 2458 662 2498 τὰ
692 2459 863 2509 ὀνόματα
893 2460 981 2509 ὑμῖν
1011 2459 1282 2509 ἀναγνώσομαι
1313 2463 1389 2499 τῶν
1418 2460 1567 2513 ἀνδρῶν

180 2522 232 2561 ὧν
251 2521 484 2574 ἀπέγραψεν
500 2523 564 2571 (sc.
584 2522 827 2572 Διοκλείδης)
845 2522 895 2561 ’ἶν’
916 2522 1038 2571 εἰδῆτε
1057 2522 1171 2564 ὅσους
1189 2539 1255 2572 μοι
1274 2526 1351 2562 τῶν
1369 2528 1570 2573 συνγτγενῶν

179 2585 378 2624 ἀπώλλυε·
445 2615 452 2623 .
523 2616 529 2623 .
592 2616 599 2623 .
668 2586 842 2637 Κριτίας·
883 2585 1044 2637 ἀνεψιὸς
1076 2585 1140 2624 καὶ
1173 2585 1282 2628 οὗτος
1311 2589 1380 2625 τοῦ
1410 2586 1568 2638 πατρός·

180 2648 336 2688 τούτους
355 2648 506 2688 πάντας
526 2647 565 2685 ἐν
584 2650 662 2689 τοῖς
681 2647 968 2700 τέτταράκοντα
982 2648 1170 2699 ἀνδράσιν
1184 2649 1568 2701 ἀπέὙραψεν.-Ανι-

180 2713 252 2749 doc.
274 2711 329 2747 De
348 2710 458 2758 Myse.
479 2708 503 2760 ξ
523 2710 582 2748 47.
