1783 2968
834 219 881 255 21

171 323 386 361 adversario
422 323 515 361 haec
553 328 720 373 urgente,
760 323 976 373 Xenophon
1013 336 1056 361 eo
1094 321 1268 371 confugit
1305 323 1349 357 ut
1393 322 1549 368 negaret

173 385 334 424 Critiam
354 389 392 423 et
419 385 662 423 Alcibiadem
692 386 858 423 Socratis
887 385 1094 435 discipulos
1114 396 1284 434 unquam
1304 383 1445 420 fuisse:
1473 394 1549 430 qua

171 448 212 484 in
229 460 269 485 re
284 448 468 485 causidici
484 447 614 485 callidi
630 460 786 485 munere
801 448 968 493 functus,
983 447 1097 485 fidem
1113 447 1284 496 projecit,
1299 458 1418 495 quam
1438 444 1548 482 testis

171 510 342 548 sincerus
381 510 504 548 habet.
574 509 683 547 Idem
712 514 911 560 propterea
948 511 988 547 in
1017 510 1273 560 suspicionem
1303 508 1406 547 cadit
1444 507 1548 557 quod

170 586 321 623 semper
340 573 386 611 de
406 573 527 610 Critia
546 577 585 610 et
612 572 814 610 Alcibiade
832 574 1067 621 conjunctim
1096 574 1278 622 disputat,
1299 571 1547 621 scriptorum-

171 648 256 685 que,
271 648 370 684 quae
389 635 495 672 illius
514 635 712 684 ingenium
733 635 781 671 ab
799 635 915 683 hujus
934 639 1063 684 aperte
1083 635 1337 684 distinguunt,
1352 645 1544 681 nusquam

170 698 406 735 mentionem
427 697 529 735 facit.
586 697 693 743 Quae
712 709 799 734 cum
818 697 874 734 ita
902 697 980 734 sint
1006 697 1104 734 mihi
1131 696 1467 747 persuasissimum
1487 699 1545 733 est

170 760 373 799 Platonem
402 760 443 798 in
469 760 648 799 omnibus
667 773 765 810 quae
793 760 841 798 ad
871 761 1063 799 Socratem
1092 764 1130 798 et
1158 760 1319 799 Critiam
1339 759 1544 810 pertinent,

168 827 307 861 testem
328 823 585 873 Xenophonte
605 824 726 861 multo
745 823 1031 872 locupletiorem
1050 836 1139 861 esse.

224 897 374 943 Quibus
394 896 555 947 cognitis
581 897 663 947 ejus
691 896 957 934 testimonium
986 896 1115 946 paullo
1143 896 1358 934 accuratius
1386 895 1543 945 inspici-

170 972 287 997 amus.
344 960 500 997 Praeter
531 961 726 1011 Eryxiam,
756 960 823 1009 qui
857 959 1031 996 omnium
1060 959 1136 996 fere
1170 971 1356 996 consensu
1390 958 1544 995 Platoni

168 1022 420 1071 abjudicatur,
449 1027 631 1072 quattuor
658 1026 814 1060 exstant
841 1022 993 1072 dialogi,
1022 1022 1062 1058 in
1091 1023 1230 1071 quibus
1260 1022 1400 1059 Critias
1433 1021 1544 1058 nobis

168 1085 615 1130 occurrit—Charmides,
635 1086 869 1134 Protaqoras,
893 1085 1073 1130 Timaeus,
1095 1086 1242 1122 Critias.
1299 1085 1387 1121 Non
1416 1084 1544 1121 nescio

176 1148 426 1187 Charmidam
437 1161 589 1198 quoque
605 1149 870 1198 impugnatam
885 1161 980 1186 csse:
1001 1148 1054 1186 eis
1067 1153 1193 1186 tamen
1206 1148 1392 1185 assentior
1404 1147 1545 1197 quibus

170 1211 296 1261 placet
323 1211 427 1249 hunc
446 1211 639 1261 dialogum
668 1211 879 1260 genuinum
899 1214 1002 1249 esse.¹
1056 1211 1190 1260 Neque
1210 1223 1230 1248 e
1255 1211 1400 1248 Timaeo
1420 1222 1543 1259 neque

168 1286 198 1316 e,
211 1274 335 1311 Oricia
354 1273 531 1323 colligere
550 1286 753 1323 possumus
773 1285 849 1322 quo
868 1277 1038 1322 tempore
1059 1278 1097 1310 et
1124 1285 1199 1321 qua
1228 1273 1374 1310 ratione
1404 1272 1543 1309 Critias

169 1336 334 1374 Socratis
368 1335 572 1385 disciplina
605 1349 697 1374 usus
730 1336 791 1380 sit,
824 1335 891 1373 sed
927 1348 947 1373 e
984 1335 1207 1372 Olim-midae
1240 1334 1443 1384 prooemio,
1476 1335 1542 1371 ubi

170 1399 345 1436 Socrates
379 1398 562 1436 Potidaea
590 1398 702 1436 modo
731 1410 905 1436 reversus
938 1398 986 1435 ab
1019 1398 1150 1435 amicis
1184 1398 1384 1446 excipitur,
1418 1397 1543 1434 elucet

168 1460 321 1498 Platoni
358 1461 399 1498 in
432 1460 503 1498 hoc
536 1460 685 1510 dialogo
717 1460 991 1499 conscribendo
1028 1464 1180 1509 tempus
1218 1459 1414 1510 gliscentis
1452 1459 1543 1496 belli

169 1523 484 1574 Peloponnesiaci
521 1523 766 1562 obversatum
803 1536 893 1561 esse.
962 1524 1186 1572 Protassoras
1221 1535 1373 1572 quoque
1409 1522 1540 1560 eodem

167 1591 326 1636 spectat,
346 1587 412 1636 qui
441 1586 624 1636 dialogus,
650 1587 827 1636 quamvis
857 1600 990 1624 versus
1019 1586 1222 1623 nonnullos
1253 1599 1273 1623 e
1302 1586 1541 1624 Pherecratis

166 1648 309 1695 fabula,
329 1652 461 1699 postea
491 1649 603 1687 docta
633 1650 773 1699 petitos
803 1649 1008 1694 contineat,
1027 1649 1067 1686 in
1095 1649 1314 1687 universum
1343 1648 1445 1686 idem
1466 1649 1543 1686 fere

164 1716 318 1762 tempus
345 1712 501 1762 respicit
528 1725 572 1750 ac
602 1713 842 1750 Charmidw
910 1713 1043 1751 Partes
1071 1717 1199 1750 autem
1228 1712 1367 1761 quibus
1401 1712 1541 1750 Critias

166 1775 207 1811 in
227 1775 288 1812 his
308 1774 468 1824 dialogis
488 1775 671 1824 fungitur,
693 1788 768 1812 non
796 1774 1034 1813 adulescenti
1062 1775 1306 1819 conveniunt,
1326 1774 1392 1811 sed
1421 1774 1542 1823 magis

166 1838 250 1875 viro
265 1837 494 1887 jamdudum
514 1837 826 1887 philosophorum
847 1838 1188 1886 disceptationibus
1216 1837 1399 1874 interesse
1418 1836 1540 1874 solito.

164 1899 357 1937 Videlicet
377 1898 510 1947 ἡλικία
524 1904 563 1937 et
582 1899 784 1949 ἐπιμέλεια
803 1901 843 1937 in
871 1900 1080 1938 Charmidea
1100 1899 1328 1943 laudautur‚³
1346 1900 1541 1936 meminit-

165 1974 240 2011 que
259 1961 341 2011 ipse
362 1961 595 2007 Charmides,
615 1962 654 1999 id
674 1962 857 2012 temporis
875 1961 1081 2013 μειράκιον,
1101 1974 1140 1999 se
1159 1974 1320 2011 puerum
1341 1961 1484 1998 Critiae
1505 1966 1543 1998 et

167 2024 339 2062 Socrates
358 2024 548 2073 colloquia
567 2024 786 2062 audivisse.4
841 2025 967 2061 Simili
988 2024 1098 2061 modo
1119 2023 1257 2061 Critias
1275 2024 1316 2060 in
1335 2024 1543 2071 Protagora

165 2085 239 2123 sibi
259 2086 369 2135 quasi
388 2086 573 2123 sermonis
592 2086 727 2123 arbitri
746 2098 886 2123 munus
906 2090 1066 2135 arrogat,
1086 2085 1274 2134 efficitque
1295 2088 1338 2121 ut
1367 2085 1542 2122 Socrates

164 2152 204 2186 et
241 2148 466 2198 Protagoras
503 2147 804 2198 disputationem
842 2148 1046 2198 abruptam
1083 2148 1350 2198 redintegrent.
1425 2148 1541 2186 Unde

165 2211 410 2261 perspicuum
439 2215 497 2249 est
524 2211 724 2250 Platonem
754 2212 897 2250 Critiae
925 2224 1014 2249 cum
1042 2212 1194 2249 Socrate
1221 2210 1541 2249 consuetudinem

164 2287 286 2324 usque
304 2275 345 2312 in
365 2274 594 2313 decennium
613 2279 703 2313 ante
722 2275 868 2313 belluni
887 2274 1254 2325 Peloponnesiacum
1275 2274 1424 2312 referre.

216 2346 390 2384 Multum
417 2350 548 2385 tamen
576 2348 684 2385 abest
711 2352 756 2384 ut
784 2348 894 2384 Plato
929 2348 1089 2385 Critiam
1117 2348 1217 2384 inter
1244 2359 1307 2384 eos
1335 2352 1542 2392 recenseat,

162 2410 230 2459 qui
269 2410 434 2448 Socratis
471 2410 684 2460 praeceptis
721 2422 870 2460 semper
906 2410 985 2448 sint
1021 2410 1233 2460 obsequuti.
1308 2410 1463 2448 Etenim
1501 2411 1542 2447 in

166 2472 373 2510 Charmida
402 2473 548 2510 Socrati
568 2473 791 2510 adversatus
810 2472 1038 2525 σοφός-τί.
1058 2474 1541 2522 sophistes—nuncupatur,

418 2632 426 2648 ¹
443 2630 490 2662 Cf.
507 2630 635 2662 Schanz.
652 2630 798 2663 Jahrber.
814 2630 845 2663 d.
862 2631 929 2665 Act.
947 2631 1022 2664 VII.
1042 2634 1069 2672 1,
1086 2634 1157 2665 236.

415 2681 426 2697 ²
441 2683 487 2716 Cf,
503 2683 699 2725 Protagoras
713 2683 758 2716 ed.
775 2683 912 2726 Sauppe.
929 2683 1130 2726 Einleituny,
1148 2687 1196 2716 10.

417 2738 427 2754 ³
445 2735 572 2768 Charm.
590 2739 651 2771 162
667 2737 704 2770 E.
1041 2741 1053 2758 ⁴
1070 2737 1148 2770 Ibid.
1169 2740 1229 2772 156
1246 2738 1282 2773 A,
