1783 2968
896 248 944 284 29

282 354 515 403 Ceteroquin
534 353 561 390 J
564 352 735 389 ohannes
764 350 1011 399 Philoponus,
1031 350 1074 386 in
1102 350 1167 394 eis,
1187 361 1285 398 quae
1313 349 1362 386 ad
1389 347 1612 386 Aristotelis

226 415 353 453 locum
383 428 500 464 supra
518 414 690 451 adlatum
722 413 891 457 adnotat,
911 425 1063 450 versum
1084 411 1228 450 Critiae
1253 411 1453 448 attribuit:
1481 410 1613 447 Philo-

227 478 395 527 ponique
415 476 637 515 testimonio
656 476 772 513 nixus
794 475 963 513 Bachius
981 475 1146 524 conjecit
1165 474 1268 512 hunc
1288 474 1554 512 hexametrum
1575 477 1615 511 et

229 539 333 588 apud
370 538 643 587 Empedoclem
681 541 721 575 et
753 537 858 586 apud
896 537 1057 574 Critiam
1095 537 1299 580 exstitisse,
1333 540 1439 573 ratus
1473 537 1615 573 “illum

227 614 369 638 versum
388 601 430 637 iri
444 613 503 637 ore
518 601 711 638 hominum
729 599 949 637 Graecorum
964 604 1071 648 atque
1085 600 1129 636 in
1147 599 1398 636 communibus
1410 599 1616 647 proverbiis

228 676 297 700 esse
325 667 518 707 versatum,
538 664 626 700 inde
656 663 701 699 ab
729 663 1002 711 antiquissimis
1029 662 1257 713 temporibus,
1282 663 1340 699 ita
1368 666 1409 698 ut
1430 674 1503 710 pro
1531 675 1614 698 con-

227 727 422 764 suetudine
451 727 709 776 plurimorum
746 739 930 770 versuum,
961 727 1028 775 qui
1068 726 1232 776 qnomici
1268 729 1336 762 aut
1366 725 1615 774 proverbiales

228 789 417 834 dicuntur,
437 803 462 826 a
480 790 636 838 quolibet
658 794 779 839 poeta,
799 790 863 827 cui
874 790 1025 838 placuit
1052 788 1160 825 illius
1177 788 1370 832 sententia,
1383 789 1428 824 in
1446 789 1613 825 ordinem

230 853 345 900 recipi
354 850 522 902 posset.’'¹
561 851 639 889 Hic
651 856 779 889 tamen
793 864 870 888 non
878 851 925 888 de
937 850 1147 900 proverbiis
1159 850 1227 887 sed
1239 850 1285 887 de
1298 849 1613 899 pbilosophorum

230 914 384 963 placitis
412 914 581 964 agimus3
618 927 741 964 neque
774 913 956 952 credibile
988 918 1047 951 est
1076 913 1238 951 Critiam
1270 925 1349 950 non
1381 913 1612 962 sententiam

230 981 383 1014 tantum
433 976 500 1014 sed
553 976 670 1014 etiam
716 976 801 1026 ipsa
844 976 1088 1025 Empedoclis
1137 976 1254 1014 verba
1299 976 1355 1013 ita
1402 975 1612 1024 repetiisse.

232 1038 371 1087 Itaque
392 1050 451 1076 res
471 1038 547 1075 alia
566 1039 713 1076 ratione
733 1038 970 1088 expedienda
990 1042 1056 1076 est.
1104 1038 1151 1075 Id
1170 1037 1341 1087 profecto
1356 1036 1612 1074 certissimum

232 1105 291 1138 est
323 1100 596 1150 Empedoclem
629 1113 761 1139 versus
793 1104 987 1139 auctorem
1018 1100 1145 1138 fuisse.
1202 1100 1363 1138 Constat
1390 1100 1493 1138 enim
1526 1112 1614 1137 eum

231 1163 376 1212 placita
414 1176 483 1201 sua
531 1163 764 1201 hexametris
811 1176 961 1213 semper
1003 1163 1254 1212 expressisse3
1299 1163 1442 1201 Critiae
1482 1168 1613 1201 contra

231 1225 447 1263 hexametri
477 1238 553 1263 non
586 1225 635 1263 ad
668 1225 950 1275 philosophiam
984 1226 1215 1274 pertinuisse
1249 1225 1439 1263 videntur.
1506 1225 1612 1262 Illud

234 1301 388 1337 quoque
417 1288 549 1326 eodem
578 1288 694 1333 ducit,
712 1288 816 1337 quod
844 1288 1078 1337 Porphyrius
1107 1288 1210 1325 hunc
1238 1300 1392 1325 versum
1420 1301 1497 1325 una
1525 1301 1613 1325 cum

233 1347 382 1385 duobus
418 1347 504 1385 aliis
541 1347 676 1393 adfert,
707 1360 801 1397 quos
834 1360 945 1386 nemo
977 1348 1201 1397 Empedocli
1237 1347 1456 1397 abjudicare
1488 1348 1614 1386 audet.

235 1411 348 1449 Patet
367 1411 485 1460 igitur
504 1410 763 1460 Philoponum
781 1410 823 1447 in
843 1410 913 1448 hac
931 1423 972 1448 re
991 1423 1123 1449 erasse.

286 1474 422 1512 Restat
441 1477 571 1511 tamen
586 1472 758 1523 quaestio
773 1485 849 1523 quo
868 1472 979 1511 modo
992 1473 1033 1510 in
1050 1486 1213 1511 errorem
1232 1473 1418 1511 inciderit.
1474 1474 1501 1511 J
1503 1473 1614 1512 udice

236 1536 533 1574 Wilamowitzio
570 1536 699 1573 omnia
735 1537 783 1573 ab
821 1536 1043 1574 Alexandro
1080 1536 1373 1586 Aphrodisiensi
1411 1540 1614 1575 manantt²

235 1599 338 1648 quod
371 1603 500 1636 tamen
529 1611 665 1647 parum
694 1602 841 1636 certum
874 1603 940 1636 est.
995 1599 1098 1635 Nam
1125 1599 1209 1636 fieri
1236 1602 1373 1648 potest,
1404 1603 1448 1636 ut
1480 1599 1611 1636 Philo-

235 1673 359 1710 ponus
378 1661 473 1699 haec
491 1664 645 1698 tantum
673 1660 763 1699 inde
783 1660 1068 1711 deprompserit,
1088 1674 1186 1711 quae
1205 1662 1254 1699 ad
1283 1661 1445 1699 Critiam
1464 1662 1612 1711 sophis-

236 1730 316 1760 tam
345 1724 548 1772 pertiuent.
605 1723 710 1760 Illud
738 1728 867 1761 tamen
894 1724 1046 1772 majoris
1066 1728 1123 1761 est
1151 1724 1347 1769 momenti,
1365 1724 1468 1773 quod
1496 1724 1537 1761 in
1558 1737 1615 1762 se-

236 1787 446 1836 quentibus
466 1799 655 1824 summam
678 1786 820 1824 Critiae
840 1782 1111 1836 disputationis
1130 1786 1325 1832 habemus,
1340 1791 1408 1824 aut
1426 1800 1473 1824 ex
1494 1787 1616 1836 ipsius

239 1849 383 1886 Critiae
403 1849 568 1898 scriptis,
584 1854 651 1885 aut
668 1849 874 1886 vetustiore
890 1849 1109 1887 Aristotelis
1124 1853 1422 1886 commentatore
1443 1851 1613 1897 petitam.

235 1912 421 1949 Attamen
443 1911 583 1949 Critias
604 1911 643 1947 in
663 1911 735 1948 hac
755 1911 1083 1956 commentatione,
1102 1910 1171 1948 ubi
1197 1911 1442 1960 Empedoclis
1461 1917 1614 1949 senten-

208 1973 330 2010 ·tiam
365 1972 529 2023 repetiit,
563 1974 644 2022 ejus
679 1974 792 2011 verba
824 1973 998 2023 adlegare
1031 1973 1172 2011 debuit.
1238 1974 1387 2022 Itaque,
1419 1974 1461 2010 ni
1494 1974 1617 2020 fallor,

235 2039 516 2074 commentator
549 2036 677 2074 nescio
705 2036 802 2085 quis,
830 2048 982 2073 versum
1009 2035 1111 2085 apud
1145 2035 1305 2073 Critiam
1340 2042 1546 2085 repertum,
1578 2043 1617 2074 et

236 2111 314 2135 una
333 2111 420 2136 cum
441 2098 564 2147 ipsius
595 2098 737 2135 Critiae
757 2098 991 2147 argumentis
1010 2098 1052 2134 in
1072 2098 1213 2135 librum
1233 2111 1345 2135 suum
1373 2099 1617 2143 translatum,

237 2160 439 2199 oculorum
467 2160 578 2211 lapsu
609 2160 751 2199 Critiae
771 2160 866 2198 falso
886 2160 1071 2198 attribuit.
1128 2160 1240 2206 Quod
1267 2174 1384 2210 quam
1405 2161 1516 2200 facile
1535 2162 1619 2200 fieri

237 2225 417 2273 potuerit,
451 2237 497 2261 ex
536 2237 660 2261 errore
697 2223 895 2261 simillimo
932 2228 1100 2272 apparet,
1133 2237 1249 2272 quem
1287 2224 1477 2261 Bacchius
1515 2226 1618 2273 apud

236 2286 437 2324 Pollucem
458 2286 614 2323 detexit.
671 2285 980 2335 Lexicographus
1008 2285 1110 2323 enim
1140 2286 1258 2323 tradit
1285 2286 1558 2336 Empedoclem
1579 2294 1618 2324 et

238 2349 487 2387 Aristotelem
521 2339 672 2387 animae
706 2349 834 2387 sedem
867 2349 908 2385 in
941 2349 1126 2399 sanguine
1164 2349 1356 2398 posuisse3
1398 2350 1499 2387 unde
1532 2363 1616 2399 per-

237 2412 414 2461 spicuum
443 2416 511 2455 est,
532 2424 619 2449 euin
649 2412 791 2449 Critiae
820 2411 1062 2456 sententiam,
1081 2411 1184 2460 apud
1212 2411 1463 2450 Aristotelem
1491 2425 1615 2462 reper-

236 2479 326 2520 tam,
346 2474 421 2524 ipsi
450 2474 655 2524 Stagiritae
683 2474 927 2524 ascripsisse.³
981 2474 1087 2520 Quae
1106 2487 1195 2513 cum
1213 2474 1270 2513 ita
1288 2475 1367 2513 sint
1395 2475 1617 2514 hexameter

280 2602 286 2618 ¹
303 2601 397 2633 Bach.
415 2611 461 2642 op.
479 2600 531 2634 cit.
549 2605 599 2634 54.
722 2604 733 2620 ²
748 2601 792 2634 Of.
811 2601 1023 2641 Wssamowstz,
1038 2576 1224 2633 *Aristoteles
1238 2601 1308 2633 und
1323 2600 1436 2635 Athen.
1456 2601 1482 2635 I.
1502 2603 1572 2635 175.

279 2654 361 2686 3καὶ
389 2656 403 2685 ⁰¹
428 2655 484 2694 μὲν
509 2656 572 2687 nafis
598 2653 653 2685 καὶ
683 2655 831 2695 λογισμδς
857 2656 911 2685 καὶ
938 2655 1126 2696 ἡγεμονικὸν,
1156 2655 1214 2687 εἴτε
1242 2654 1306 2697 περὶ
1335 2654 1498 2693 ἐγκεφάλῳ
1526 2668 1621 2687 κειται

238 2709 430 2751 Πυθαγόραν
445 2707 499 2739 καὶ
520 2707 686 2740 Πλάτωνα
700 2706 851 2748 ἱδρύμενος
896 2732 902 2739 .
942 2733 948 2739 .
988 2733 994 2740 .
1038 2710 1096 2741 εἴτε
1113 2708 1178 2751 περὶ
1193 2709 1231 2741 τὸ
1247 2707 1333 2748 αἷμα.
1349 2709 1383 2741 ὡς
1398 2705 1617 2748 Ἐμπεδοκλῆς

235 2772 270 2792 τε
285 2761 339 2791 καὶ
357 2759 582 2803 Ἀριστοτέλης,
600 2759 677 2792 Poll.
695 2759 802 2793 Onom.
821 2760 865 2791 II.
884 2762 955 2793 226.
1002 2760 1052 2794 Of.
1071 2761 1165 2793 Bach.
1183 2771 1232 2803 op.
1250 2761 1302 2795 cit.
1319 2764 1369 2794 52.
