1783 2968
794 616 905 654 CAP.
949 617 995 653 V.

254 718 278 770 ξ
312 720 342 756 1.
387 720 473 757 Hoc
507 720 632 769 capite
666 720 834 769 primum
869 720 915 758 de
948 719 1182 757 carminibus
1217 720 1481 758 disserendum
1517 724 1586 765 est,

202 796 300 832 quae
321 786 504 822 πολιτεῖαι
526 782 696 834 ἐ’μμετροι
717 782 902 820 feruntur.
959 783 1033 828 Qui
1054 782 1192 820 titulus
1212 783 1260 820 ab
1280 795 1357 821 uno
1372 783 1585 821 Alexandri

200 845 516 894 Aphrodisiensis
531 846 614 883 loco
629 845 781 895 pendet,
798 845 862 882 ubi
879 845 1059 894 pleraque
1076 845 1217 883 Critiae
1233 846 1377 894 scripta
1391 845 1585 894 sophistae

201 908 354 945 cuidam
397 908 601 946 falsissime
648 907 942 957 adjudicantur.¹
1013 907 1161 945 Ibidem
1208 908 1375 945 traditur
1421 908 1582 946 Critiam

200 974 411 1018 tyrannum
451 960 646 1014 πολιτείας
679 972 882 1020 ἐμμέτρους
915 969 1122 1018 scripsisse,
1155 969 1221 1006 sed
1259 970 1341 1006 fieri
1379 973 1506 1019 potest
1542 974 1587 1006 ut

202 1032 425 1070 Alexander
466 1033 605 1070 iterum
649 1044 815 1069 errorem
856 1031 1063 1070 admiserit.
1137 1031 1240 1069 Nam
1283 1032 1459 1081 quamvis
1502 1045 1586 1082 per-

202 1095 379 1143 spicuum
410 1094 471 1139 sit,
502 1107 588 1131 eum
619 1097 687 1131 aut
715 1107 837 1130 unum
867 1098 933 1131 aut
967 1094 1182 1143 complures
1214 1094 1354 1143 elegias
1384 1094 1423 1130 in
1457 1094 1586 1131 animo

201 1157 392 1202 habuisse,
413 1156 566 1194 nullum
586 1169 632 1194 ex
654 1156 899 1201 carminibus,
915 1157 961 1194 de
978 1157 1119 1205 quibus
1135 1156 1349 1206 fragmenta
1368 1160 1587 1206 supersunt,

203 1220 306 1256 hunc
345 1219 506 1256 titulum
543 1219 678 1256 tulisse
712 1219 873 1256 videtur.
943 1219 1096 1256 Etenim
1133 1219 1235 1268 apud
1268 1219 1515 1256 Athenaeum
1549 1224 1588 1257 et

203 1282 456 1319 Plutarchum
484 1282 579 1319 haec
607 1286 760 1319 tantum
789 1282 1001 1331 reperimus
1030 1282 1083 1326 ὡς
1115 1284 1272 1333 Κριτίας
1301 1289 1419 1334 φησιν
1446 1283 1486 1320 ἐν
1505 1287 1588 1326 τοῖς

201 1346 407 1395 ἐλεγείοις’
436 1347 474 1381 et
502 1344 620 1381 simili
650 1344 798 1381 ratione
828 1344 1067 1393 Hephaestio
1087 1346 1126 1382 ἐν
1147 1347 1193 1396 τῇ
1212 1345 1313 1395 πρὸς
1332 1342 1587 1394 Ἀλκιβιάδην

202 1406 331 1455 inquit
360 1406 530 1457 ἔλεγεῖᾳ.3
586 1406 723 1455 Itaque
744 1419 833 1443 cum
861 1406 1001 1443 titulus
1030 1405 1094 1443 ille
1124 1409 1308 1444 πολιτεῖαι
1331 1407 1506 1457 ’ἑμμετροι
1526 1407 1587 1444 his

204 1469 454 1517 scriptoribus
488 1469 642 1518 ignotus
676 1469 793 1505 fuisse
827 1468 1005 1504 videatur
1039 1468 1119 1504 fieri
1154 1471 1278 1516 potest
1315 1472 1360 1505 ut
1396 1481 1472 1505 non
1505 1469 1586 1517 ipse

205 1531 345 1569 Critias
365 1530 432 1567 sed
451 1530 725 1580 grammaticus
745 1530 873 1567 nescio
893 1530 979 1578 quis
1000 1530 1169 1567 carmina
1190 1530 1243 1567 ita
1263 1530 1510 1579 inscripserit.

257 1593 362 1630 Illud
403 1606 556 1642 quoque
594 1593 803 1641 ambigitur
840 1597 935 1641 quot
977 1592 1147 1628 carmina
1190 1591 1373 1630 πολιτεῖαι
1411 1592 1587 1643 ’ἔμμετροι

203 1655 404 1704 amplexae
433 1655 522 1699 sint,
551 1667 640 1691 nam
670 1655 755 1691 aliis
785 1654 911 1703 placet
943 1667 1064 1691 unum
1093 1659 1245 1691 tantum
1276 1655 1393 1692 fuisse
1422 1668 1585 1699 carmen,

205 1718 307 1755 unde
327 1717 534 1766 descriptio
563 1717 631 1754 illa
660 1717 860 1766 epularum
891 1717 1166 1766 Spartanarum
1188 1716 1413 1766 deprompta
1433 1722 1500 1761 est,
1521 1718 1586 1754 alii

205 1780 423 1828 catalogum
443 1779 553 1816 illum
575 1791 701 1816 rerum
723 1779 762 1815 in
778 1779 939 1827 singulis
955 1779 1114 1816 urbibus
1130 1779 1375 1816 inventarum
1393 1779 1541 1816 addunt
1555 1782 1586 1826 ;⁴

205 1842 374 1880 Baebius
393 1854 483 1880 vero
514 1854 557 1879 eo
588 1854 707 1891 usque
738 1841 922 1890 pervenit,
942 1845 986 1878 ut
1016 1844 1204 1879 statueret
1234 1841 1395 1879 Critiam
1424 1842 1587 1880 Politias

205 1903 369 1954 utraque
397 1905 580 1942 orationis
601 1905 721 1941 forma
749 1904 984 1953 conscriptas
1013 1904 1053 1940 in
1083 1917 1204 1941 unum
1234 1917 1370 1953 corpus
1400 1905 1587 1955 redegisse

205 1968 259 2005 ita
296 1972 341 2005 ut
382 1967 544 2016 singulis
582 1967 970 2005 commentationibus
1008 1979 1118 2016 prosa
1156 1967 1327 2004 oratione
1366 1966 1588 2017 c'omposi‘tis

206 2019 359 2068 carmen
394 2029 682 2079 praemitteret.⁵
748 2022 978 2078 Ceteroquin
1013 2028 1238 2065 Athenaeus
1272 2028 1421 2066 Potitiis
1455 2042 1476 2066 a
1508 2042 1588 2067 car-

206 2094 378 2129 minibus
398 2095 528 2140 aperte
549 2091 752 2134 distinctis,
772 2091 882 2127 nobis
902 2091 1097 2127 dissuadet
1115 2103 1169 2132 ,ne
1189 2091 1226 2133 in
1249 2091 1348 2128 hanc
1368 2092 1589 2139 opinionem

207 2155 495 2198 descendamus,
522 2165 657 2202 neque,
683 2166 722 2189 re
751 2165 850 2197 vera,
876 2153 998 2202 ipsius
1026 2152 1240 2189 Alexandri
1269 2154 1395 2197 verba,
1416 2166 1512 2203 quae
1541 2154 1589 2191 ad

206 2231 302 2267 opus
323 2216 526 2267 peculiare,
547 2229 567 2253 a
588 2216 828 2265 pedestribus
848 2215 1002 2265 scriptis
1022 2228 1177 2265 prorsus
1197 2216 1403 2261 diversum,
1419 2220 1589 2266 spectare

207 2281 399 2325 videntur,
419 2279 556 2316 Bachii
576 2279 715 2315 rationi
736 2279 982 2316 conveniunt.

260 2343 410 2389 Quibus
430 2341 593 2392 cognitis
614 2341 661 2378 ad
683 2340 841 2378 Politias
861 2353 972 2390 prosa
993 2340 1163 2378 oratione
1179 2341 1409 2390 compositas
1427 2341 1590 2378 transire

206 2409 365 2455 oportet.
422 2403 575 2441 Titulus
604 2403 788 2442 πολιτεῖαι
818 2403 919 2452 apud
951 2402 1145 2439 Pollucem
1169 2403 1334 2452 primum
1357 2403 1591 2451 reperiturz⁶

250 2499 257 2514 ¹
278 2500 359 2531 Test.
377 2500 455 2532 Ant.
473 2499 529 2531 IV.
548 2501 576 2531 4.
623 2498 668 2529 Cf.
686 2508 752 2539 sup.

245 2554 256 2570 ²
271 2552 387 2585 Athen.
404 2552 443 2584 X.
461 2554 523 2583 432
539 2551 583 2589 D;
607 2551 675 2583 XV.
694 2553 755 2583 666
772 2551 807 2584 B.
855 2551 937 2582 Plut.
956 2549 1057 2581 Alcib.
1076 2554 1116 2583 33
1123 2562 1131 2588 ;
1158 2549 1236 2583 Cim.
1256 2553 1303 2583 10.

249 2605 260 2621 ⁸
276 2605 447 2646 Hephaest.
465 2605 535 2644 (Ed.
562 2603 754 2645 Westphal.),
772 2603 789 2644 ἓ
806 2606 856 2635 20.

249 2660 261 2678 ⁴
276 2657 327 2691 Of.
345 2657 456 2698 Bergk.
475 2657 525 2688 Fr.
545 2658 571 2688 1.
590 2659 618 2688 2.
920 2659 932 2676 ⁵
948 2655 992 2688 Of.
1010 2655 1105 2693 Bach,
1122 2666 1169 2697 op.
1187 2654 1238 2687 cit.
1256 2657 1305 2689 28.

250 2709 261 2727 ‘³
272 2711 311 2745 τὰ
324 2711 381 2751 μὲν
397 2712 494 2751 ὄνομα
510 2710 563 2750 (SC.
583 2709 720 2749 σκελέοιι)
736 2709 790 2740 καὶ
818 2709 906 2751 παρὰ
930 2709 1046 2752 Κριτίᾳ
1067 2710 1148 2741 ἔστιν
1164 2710 1191 2740 ἔν
1207 2712 1278 2746 ταῖς
1306 2709 1497 2749 Πολιτειάις,
1514 2708 1591 2740 Poll·

207 2763 284 2798 VII.
300 2766 350 2797 59.
