1783 2968
205 613 231 641 οἱ
259 609 365 641 πολλοὶ
383 608 462 641 οὐδὲν
478 608 598 642 δέονται
615 608 789 650 διηγήσεως,
806 608 864 641 οἷον
881 611 905 641 εἶ
929 610 1018 645 θέλεις
1033 607 1191 648 Ἀχιλλέα
1215 609 1359 640 ἑτι-κινεῖν·
1382 609 1464 640 ἴσοισι
1489 608 1555 650 γὰρ

164 662 280 694 πάντες
304 663 365 698 τοὶ,-
390 662 526 705 πράξεις,
545 662 636 693 οὶλλσὲ
659 663 788 705 χρῆσθαι
815 665 929 695 αὑταῖς
954 661 1002 694 δεῖ.
1050 662 1102 693 {aiu
1118 660 1148 693 ’δὲ
1177 660 1319 704 Κριτίαν,
1337 660 1387 692 δεῖ.
1434 663 1467 692 οὐ
1491 661 1556 703 ’γὰρ

169 715 277 747 πολλοὶ
298 716 588 749 ‘'barum—Ariston
608 714 698 747 Rhea.
716 716 780 749 III.
800 718 848 756 16,
866 726 894 756 p.
914 717 997 747 1416
1013 715 1041 755 b,
1058 717 1108 747 26.

773 820 884 857 CAP.
924 820 953 856 I.

222 907 373 944 Scelera
386 920 484 956 quae
498 907 638 945 Critias
651 907 811 956 triginta
823 911 1073 956 tyrannorum
1086 907 1263 956 princeps
1275 906 1433 944 admisit
1445 918 1556 943 nemo

171 975 229 1005 est
259 969 354 1017 quin
374 969 518 1006 oderit:
547 969 648 1006 idem
679 973 809 1006 tamen
842 972 1093 1005 monumenta
1123 968 1270 1018 ingenii
1299 972 1344 1004 ut
1365 967 1556 1005 versatilis

171 1031 225 1067 ita
256 1031 420 1081 insignis
450 1031 617 1081 reliquit.
673 1032 733 1068 Ex
761 1031 822 1069 his
852 1031 1068 1081 tragoediae
1088 1034 1127 1068 et
1156 1031 1326 1068 carmina
1357 1030 1556 1068 notissima

170 1099 272 1138 sunt,
310 1106 476 1143 quorum
521 1094 703 1143 reliquias
747 1094 975 1131 Nauckius1
1013 1097 1052 1131 et
1096 1094 1311 1143 Bergkius2
1348 1093 1453 1143 typis
1491 1106 1555 1130 ex-

169 1156 328 1193 cudere:
375 1157 517 1205 quibus
560 1160 691 1193 tamen
736 1156 1023 1194 Bernhardius³
1065 1156 1184 1193 libros
1227 1169 1339 1206 prosa
1383 1156 1555 1193 oratione

169 1219 405 1267 conscriptos
427 1231 503 1255 nou
522 1219 605 1256 sine
620 1219 707 1267 jure
727 1219 955 1267 anteposuit.
1012 1219 1167 1256 Etenim
1187 1223 1365 1267 poe'mata
1380 1219 1557 1267 quamvis

170 1281 371 1329 elegantia,
398 1280 668 1318 versificatoris
700 1281 821 1330 magis
852 1293 968 1330 quam
1000 1280 1100 1319 vatis
1130 1280 1329 1331 ingenium
1360 1279 1555 1318 redolent:

169 1343 312 1391 scripta
332 1348 466 1380 contra
493 1343 686 1392 pedestria
715 1356 792 1380 non
821 1343 933 1380 inodo
954 1344 1199 1392 quaestiones
1228 1343 1440 1392 permultas
1469 1343 1555 1380 doc-

170 1405 318 1442 tissime
338 1408 612 1449 tractaverunt,
633 1404 699 1442 sed
720 1404 889 1441 multum
908 1404 955 1441 ad
977 1404 1149 1454 linguam
1170 1405 1342 1442 Atticam
1362 1404 1556 1454 expolien-

170 1467 258 1504 dam
287 1467 536 1504 contulerunt
568 1480 857 1517 sermonemque
887 1467 1102 1516 simplicem
1131 1474 1169 1505 et
1198 1471 1403 1505 venustum
1432 1472 1557 1504 osten-

169 1531 321 1574 debant,
356 1542 432 1579 quo
465 1534 633 1568 oratores
667 1530 864 1579 sequentis
897 1530 1035 1567 aetatis
1072 1529 1345 1579 gloriabantur.
1417 1529 1556 1579 Itaque

171 1592 307 1630 Bachii
320 1591 335 1614 ⁴
354 1593 527 1643 vestigiis
547 1593 751 1643 ingressus,
772 1593 838 1642 qui
859 1593 1007 1642 primus
1028 1593 1171 1630 Critiae
1195 1593 1409 1642 fragmenta
1427 1593 1558 1637 edidit,

172 1656 265 1692 haec
285 1668 399 1704 opera
427 1656 553 1693 denuo
581 1656 776 1692 illustrare
805 1661 967 1692 conatus
996 1668 1090 1692 sum.
1147 1656 1279 1704 Atque
1307 1655 1558 1704 praefationis

174 1717 256 1756 loco
277 1718 498 1756 testimonia
518 1718 678 1768 antiqua
698 1718 831 1767 paucis
852 1718 977 1756 verbis
997 1718 1226 1757 adumbrare
1246 1719 1371 1756 velim.

224 1781 500 1818 Vetustissima
515 1781 677 1830 vestigia
693 1782 794 1829 apud
810 1780 1060 1818 Aristotelem
1077 1781 1339 1826 inveniuntur,
1355 1781 1423 1830 qui
1437 1781 1558 1818 tradit

172 1843 335 1880 Critiam
364 1843 515 1880 animae
543 1843 672 1881 sedem
701 1843 742 1879 in
772 1842 958 1892 sanguine
979 1842 1160 1891 posuisse,
1179 1843 1246 1881 sed
1274 1856 1344 1881 nec
1370 1856 1465 1892 opus
1486 1857 1556 1881 nec

170 1906 287 1941 verba
302 1909 584 1948 commemorat,
600 1905 741 1953 quibus
760 1905 855 1941 haec
874 1905 1066 1941 sententia
1084 1917 1263 1953 expressa
1283 1905 1357 1942 sit.¹⁵
1405 1905 1554 1954 Neque,

170 1967 315 2017 opinor,
337 1968 432 2005 forte
452 1966 602 2012 accidit,
623 1971 666 2005 ut
686 1967 779 2004 haec
800 1966 923 2016 prima
943 1967 1087 2005 mentio
1106 1967 1208 2017 apud
1230 1968 1453 2018 Stagiritam
1473 1969 1553 2013 fiat,

171 2031 238 2079 qui
270 2030 393 2067 multo
424 2030 559 2067 mitius
579 2043 694 2079 quain
715 2029 895 2078 aequales
927 2030 973 2067 de
1004 2029 1148 2067 Critiae
1179 2031 1332 2080 ingenio
1359 2031 1557 2079 judicavit.

170 2093 272 2130 Nam
302 2093 343 2129 in
362 2092 568 2142 Republica
586 2092 874 2130 Atheniensium
895 2093 1098 2143 opprobria
1126 2093 1281 2140 omittit,
1301 2107 1399 2144 quae
1429 2094 1556 2132 Xeno-

172 2156 273 2204 phon
307 2157 348 2193 in
387 2161 597 2205 tyrannum
632 2161 869 2205 contorquet,
902 2162 941 2193 et
978 2157 1018 2193 in
1051 2157 1148 2194 Arte
1185 2158 1384 2195 Rhetorica
1418 2158 1560 2194 Urit-iae

170 2218 371 2267 ingenium
401 2222 588 2267 tanquam
618 2218 797 2255 laudibus
825 2231 902 2255 non
932 2218 1135 2267 indignum
1166 2219 1343 2257 celebrat.
1400 2220 1486 2264 Qua
1519 2219 1559 2256 in

172 2292 221 2323 re,
242 2279 283 2316 ni
304 2279 425 2323 fallor,
446 2279 620 2316 Platonis
640 2279 873 2328 discipulum
896 2293 1098 2329 agnoscere
1118 2281 1216 2319 licet.

214 2373 223 2389 ¹
244 2371 337 2413 Truy.
358 2372 467 2403 Graec.
486 2370 542 2402 Fr.
561 2381 617 2402 rec.
636 2371 758 2403 Nauck.
776 2371 846 2411 (Ed.
866 2371 936 2412 IL),
955 2371 980 2403 Ι.
1000 2372 1158 2405 770-776.

213 2427 223 2442 '·’
236 2424 322 2456 l’oet.
341 2424 417 2467 Lyr.
438 2426 545 2456 Graec.
564 2435 621 2456 rec.
640 2425 752 2465 Bergk.
766 2425 835 2465 (Ed.
854 2425 933 2465 IV.)‚
953 2426 996 2459 II.
1016 2428 1174 2459 279-286.

214 2477 224 2492 ³⁵
240 2478 431 2518 Bernhardy,
452 2478 505 2511 (lr.
524 2477 600 2516 Lu„
619 2478 664 2509 ΙΙ.
685 2481 711 2516 1,
729 2480 800 2511 487.

214 2531 225 2548 ⁴
243 2529 364 2561 (bitiae
391 2530 541 2571 Tyranni
565 2530 756 2561 &carminum
780 2530 991 2572 filiorumque
1014 2531 1145 2573 Inqenii
1166 2532 1448 2565 stlonumentorum
1474 2534 1561 2573 Quae

173 2584 359 2624 ·8'1cl›e7·3unt.
394 2583 566 2625 Disposuit
582 2583 769 2615 Illustruvz‘t
781 2582 975 2615 Emendavit
992 2584 1137 2617 Nicolaus
1150 2586 1293 2618 Bachius.
1314 2585 1451 2628 Lipsiae,
1468 2590 1558 2620 1827.

170 2636 216 2667 Cf.
236 2636 357 2674 Lallier‚
378 2635 423 2666 l)e
440 2636 561 2668 Critiae
581 2636 732 2678 Tyranni
756 2636 843 2668 Vitae
859 2648 896 2669 ac
912 2637 1057 2679 Scriptis.
1075 2637 1226 2679 Parisiis,
1246 2640 1327 2673 1875
1344 2652 1349 2672 :
1374 2639 1550 2672 Schleicher

170 2689 300 2720 Kritias
318 2700 374 2719 υοιι
392 2688 506 2721 Athen.
525 2690 672 2731 Rostock‚
692 2692 785 2723 1876.

214 2740 226 2758 ⁵
246 2741 442 2773 Testimonia
463 2767 468 2771 .
490 2742 614 2783 ntiqua,
634 2743 688 2774 IV.
707 2745 734 2774 2.
